2418 4172
525 367 633 424 260
1150 366 1633 422 coNFEsslo

532 512 716 594 regit:
765 523 827 572 et
867 510 1226 571 damnamus
1271 509 1624 590 Pelagianos
1666 520 1731 570 et
1771 507 2165 583 Manicbaeos,
2205 508 2277 569 ut

532 594 662 657 hoec
690 615 800 655 suo
830 595 961 655 loco
989 593 1288 676 copiosius
1316 591 1710 676 explicamus.

1100 772 1710 814 ...ψ-

988 910 1099 972 vl.
1129 910 1233 972 De
1259 933 1414 973 nova
1448 910 1823 972 Obedientia.

536 991 874 1073 TOTUM
910 1013 1270 1074 beneficium
1303 1013 1440 1073 Filii
1470 1013 1587 1074 Dei
1629 1010 2125 1074 considerandum
2170 1022 2280 1073 est.

535 1094 632 1155 Ita
659 1094 788 1155 vult
817 1106 1132 1176 peceatum
1163 1108 1224 1156 et
1253 1108 1508 1156 mortem
1540 1095 1766 1170 tollere,
1788 1108 1849 1156 et
1869 1117 1978 1156 nos
1998 1115 2074 1156 ex
2096 1116 2283 1179 regno

535 1176 779 1239 Diaboli
832 1178 1081 1260 eripere,
1115 1189 1185 1237 ut
1231 1199 1472 1271 prorsus
1519 1178 1743 1239 abolito
1785 1188 2033 1262 peccato
2075 1190 2138 1239 et
2178 1177 2285 1239 de-

537 1259 655 1320 leta
686 1270 896 1331 morte,
924 1261 1203 1320 restituat
1230 1281 1292 1320 m
1322 1260 1494 1320 nobis
1524 1271 1808 1320 aeternam
1839 1261 2046 1334 vitam,
2064 1260 2131 1322 in
2161 1281 2284 1343 qua

536 1341 708 1402 nobis
761 1341 925 1402 Deus
974 1342 1387 1403 communicet
1441 1364 1503 1402 sa
1550 1342 1818 1416 ientiam,
1853 1342 2179 1422 justitiam,
2221 1354 2286 1403 et

536 1424 803 1485 laetitiam
835 1446 1028 1501 suam,
1049 1436 1112 1486 et
1139 1425 1200 1485 in
1231 1446 1351 1506 qua
1379 1425 1456 1486 sit
1542 1446 1647 1486 eus
1671 1425 1875 1486 omnia
1897 1423 1960 1486 in
1981 1424 2286 1486 omnibus.

538 1506 680 1568 Hoc
727 1530 1035 1569 summum
1085 1507 1450 1569 beneficium
1497 1508 1743 1569 inchoat
1786 1508 1849 1569 in
1901 1508 2015 1570 bac
2070 1507 2287 1569 misera

538 1612 751 1664 massa,
793 1590 855 1651 in
907 1590 1020 1653 hac
1068 1591 1209 1665 vita,
1251 1591 1409 1652 sicut
1457 1593 1744 1674 scriptum
1806 1602 1936 1652 est:
1995 1590 2290 1674 Superin-

539 1673 814 1746 daemur,
870 1674 925 1734 si
991 1682 1190 1735 tamen
1254 1695 1375 1735 non
1434 1675 1586 1735 nudi
1644 1675 2017 1755 reperiemur
2039 1699 2062 1735 .-
2119 1674 2288 1748 item,

546 1755 673 1821 Qui
702 1757 1189 1837 perseveraverit
1226 1778 1415 1839 usque
1454 1757 1515 1817 in
1533 1755 1758 1839 finem,
1788 1758 1886 1818 hic
1914 1756 2123 1819 salvus
2148 1757 2288 1817 erit.

541 1839 756 1920 Itaque
796 1861 936 1900 cum
981 1840 1310 1923 accipimus
1350 1839 1761 1901 remissionem
1797 1851 2200 1923 peccatorum,
2225 1850 2290 1899 et

541 1922 906 1983 reconciliati
947 1944 1174 1997 sumus,
1202 1933 1263 1982 et
1296 1922 1594 2005 obsignati
1624 1922 1852 2005 Spiritu
1887 1923 2130 1996 Sancto,
2158 1922 2290 1983 baec

541 2005 700 2064 bona
746 2004 1077 2064 effundere‘
1100 2004 1428 2064 horrendus
1479 2004 1642 2064 furor
1689 2018 1815 2065 est:
1873 2005 2029 2066 sicut
2072 2004 2293 2066 descri-

543 2089 768 2147 buntur
806 2086 1200 2159 effundentes,
1231 2086 1291 2146 in
1377 2087 1614 2148 arabola
1652 2086 1728 2147 de
1764 2086 1947 2147 domo
1983 2086 2292 2149 mundata.

543 2170 625 2230 Et
662 2170 722 2229 in
761 2182 795 2230 2
821 2169 1095 2252 Epistola
1126 2169 1283 2231 Petri
1358 2170 1564 2231 icitur:
1611 2169 1682 2230 Si
1710 2170 1774 2231 ki
1800 2171 1907 2253 qui
1935 2192 1967 2230 e
2061 2178 2294 2254 gerunt
2412 2176 2418 2196 ¹

545 2252 1092 2314 condemnationem
1132 2252 1360 2327 mundi,
1395 2274 1514 2334 per
1543 2254 1914 2335 agnitionem
2118 2254 2132 2268 ⁶
2173 2254 2198 2315 i
2234 2261 2293 2316 et
2404 2277 2418 2335 ⁴..

548 2335 889 2397 Salvatoris
928 2336 1090 2397 Jesu
1138 2335 1393 2411 Christi,
1438 2337 1533 2397 his
1573 2359 1791 2398 rursus
1837 2335 2122 2418 impliciti
2158 2358 2295 2398 suc-

546 2416 1037 2502 cumbunt‚fiant
1067 2419 1154 2479 eis
1173 2427 1486 2499 postrema
1516 2419 1822 2480 deteriora
1842 2419 2175 2513 prioribus.

628 2500 1038 2562 Effunduntur
1079 2512 1280 2562 autem
1320 2502 1449 2563 haec
1480 2503 1655 2576 bona,
1686 2502 1733 2562 si
1765 2524 1900 2583 quis
1926 2524 2049 2563 non
2078 2502 2295 2563 retinet

545 2582 1027 2657 fundamentum,
1059 2583 1116 2644 id
1148 2595 1258 2659 est,
1286 2584 1566 2645 articulos
1595 2585 1756 2659 fidei,
1783 2586 1907 2646 sive
1936 2585 2149 2659 sciens,
2169 2585 2295 2646 sive

546 2665 857 2749 deceptus,
886 2668 1074 2749 impia
1101 2665 1406 2747 dogmata,
1437 2689 1538 2728 seu
1573 2667 1733 2729 idola
1766 2667 2031 2751 recipiet.
2115 2667 2296 2742 Item,
2400 2669 2409 2681 ⁸

548 2749 595 2811 si
626 2749 763 2830 quis
792 2749 1014 2844 alioqui
1046 2761 1252 2811 contra
1274 2750 1700 2811 conscientiam
1726 2751 1863 2812 ruit.
1935 2751 2053 2813 Ha‘.
2075 2750 2297 2849 regula

549 2853 707 2915 saepe
748 2843 1015 2915 repetitoe
1058 2844 1217 2907 sunt,
1246 2843 1315 2893 ut
1354 2833 1552 2894 Galat.
1582 2855 1636 2894 v.
1677 2834 1806 2900 Qui
1845 2831 2299 2929 taliafacmut,
2395 2834 2404 2862 ‘

547 2936 810 2998 regnum
840 2914 968 2976 Dei
994 2936 1115 2977 non
1132 2916 1537 2998 possidebunt.
1608 2917 1963 2979 Necessaria
1990 2917 2175 3001 igitur
2205 2927 2302 2979 est

549 3020 691 3061 cura
719 2997 944 3060 vitandi
975 2998 1123 3061 tales
1153 2998 1370 3083 lapsus.
1451 2999 1604 3062 Haec
1636 3000 1952 3062 manifesta
1976 3000 2299 3062 necessitas
2399 3015 2401 3017 ’

549 3080 856 3165 proposita
910 3103 1151 3143 summa
1201 3105 1406 3166 poena,
1453 3082 1730 3145 videlicet
1785 3083 2106 3145 amissione
2159 3083 2300 3145 vim

549 3176 807 3240 aeternae‚
835 3164 884 3226 si
929 3186 1080 3246 quos
1125 3187 1247 3228 non
1290 3177 1491 3227 movet
1521 3166 1594 3228 ad
1626 3167 1780 3228 bene
1807 3165 2202 3250 operandum,
2228 3163 2292 3227 lii

552 3259 692 3309 sunt
711 3247 840 3329 jam
871 3268 947 3309 ex
979 3247 1071 3309 his
1099 3247 1175 3310 de
1205 3249 1424 3330 quibus
1453 3248 1706 3311 dicitur:
1756 3247 2299 3344 Quisaeitpeceo-

550 3339 697 3406 tam,
741 3351 815 3392 ex
859 3330 1126 3407 Diabolo
1177 3339 1285 3393 est.
1372 3332 1455 3394 Et
1506 3344 1646 3394 sunt
1691 3331 2057 3395 necessitatis
2103 3349 2296 3391 csuste

551 3414 772 3496 plures.
856 3413 1175 3491 Debitum,
1203 3413 1261 3476 id
1291 3426 1403 3489 cst,
1430 3415 1578 3477 ordo
1606 3413 2020 3487 immutabilis,
2037 3422 2107 3474 ut
2134 3432 2299 3472 crea-
2357 3462 2366 3470 .

553 3508 702 3557 turae
748 3496 886 3558 Deo
927 3498 1386 3582 obtemperent:
1433 3497 1567 3560 ideo
1600 3498 1819 3560 Paulus
1860 3493 2075 3577 inquit,
2105 3492 2298 3555 Debi-

554 3585 713 3638 tores
754 3580 915 3641 estis.
1001 3580 1180 3655 Item,
1225 3602 1363 3642 cura
1409 3580 1635 3642 vitandi
1678 3598 1888 3663 poenss
1937 3589 2295 3660 presentes:

554 3658 699 3740 quia
756 3661 1156 3725 certissimum
1213 3675 1326 3734 est,
1380 3661 1671 3744 plurimos
1725 3659 1909 3723 etism
1967 3659 2301 3727 electorum
