2418 4172
850 350 1393 406 HELVETICA.
1913 355 1985 410 53

230 494 319 570 tia
342 493 487 567 Dei,
509 494 612 575 qui
644 505 889 577 peccata
911 493 1083 555 nobis
1111 515 1233 553 non
1258 492 1537 575 imputat,
1558 492 1660 553 sed
1680 494 1979 573 justitiam

224 575 480 652 Christi,
502 575 771 659 adeoque
799 575 983 637 fidem
1014 576 1075 636 in
1100 575 1412 636 Christum
1445 574 1516 635 ad
1538 574 1838 653 justitiam
1873 601 1981 639 no-

222 658 326 721 bis
354 658 635 743 imputat.
716 659 1045 742 Apostolus
1076 671 1359 740 praeterea
1388 658 1759 749 apertissime
1795 660 1978 721 dilcc-

227 741 457 804 tionem
501 740 728 803 derivat
770 763 844 803 ex
882 742 1019 815 fide,
1046 740 1270 813 dicens,
1308 753 1331 801 l
1367 739 1528 800 Tim.
1562 741 1597 800 i.
1629 740 1800 802 Finis
1821 765 1979 823 pra:-

227 825 389 907 cepti
414 833 506 886 est
534 824 821 898 charitas,
844 845 919 885 ex
937 846 1099 906 puro
1122 824 1314 898 corde,
1334 823 1698 884 conscientia
1723 825 1894 899 bona,
1917 836 1974 888 et

129 927 132 929 ·
371 929 493 968 non
569 915 687 968 cta.

198 903 695 1074 flauapr'gpter
728 990 1034 1071 loquimur
1070 990 1132 1050 in
1177 990 1290 1051 hac
1326 1011 1522 1062 causa,
1551 1012 1670 1050 non
1715 988 1791 1050 de
1835 991 1975 1052 ficta

222 1070 364 1147 fide,
389 1072 466 1134 de
494 1072 655 1133 inani
685 1085 747 1134 et
773 1073 980 1147 otiosa,
1010 1085 1113 1134 aut
1144 1084 1397 1146 mortua,
1427 1072 1530 1132 sed
1560 1073 1637 1134 de
1676 1073 1795 1134 fide
1823 1075 1974 1148 viva,

219 1154 702 1237 vivificanteque‚
724 1178 858 1238 quoe
889 1168 1132 1239 propter
1152 1156 1486 1229 Christum,
1509 1157 1614 1237 qui
1647 1157 1766 1217 vita
1794 1169 1885 1218 est
1913 1170 1975 1218 et

261 1236 277 1251 ⁶
321 1238 336 1251 ‘
458 1251 502 1314 t,
529 1260 711 1320 quern
743 1261 877 1300 com
929 1238 1224 1313 rehendit,
1252 1239 1385 1299 viva
1420 1251 1511 1299 est
1544 1252 1606 1300 et
1638 1239 1875 1312 dicitur,
1903 1263 1972 1302 ac

221 1341 288 1383 ae
315 1321 508 1383 vivam
538 1344 667 1382 esse
696 1322 844 1382 vivis
914 1323 1132 1383 eclarat
1160 1321 1458 1403 operibus.
1543 1322 1718 1382 Nihil
1768 1323 1972 1403 itaque

220 1413 429 1466 couti-a
458 1404 616 1466 banc
644 1415 907 1465 nostram
934 1404 1267 1466 doctrinam
1295 1416 1528 1487 pugnat
1554 1405 1823 1466 «Iacobus
1854 1407 1971 1482 ille,

218 1486 325 1568 qui
354 1485 431 1547 de
465 1485 587 1547 fide
623 1485 890 1567 loquitur
923 1487 1083 1547 inani
1120 1497 1181 1547 et
1216 1499 1470 1562 mortua,
1499 1510 1680 1568 quam
1721 1488 1966 1569 quidam

204 1567 540 1648 jactabant,
581 1567 894 1629 Christum
952 1580 1154 1630 autem
1202 1570 1356 1630 intra
1400 1592 1463 1629 se
1507 1570 1807 1631 viventem
1863 1594 1972 1654 per

212 1648 402 1712 fldem
443 1671 563 1711 non
597 1651 919 1710 habebant.
1004 1650 1178 1711 Idem
1209 1652 1310 1710 ille
1337 1651 1509 1723 dixit,
1536 1674 1718 1733 opera
1749 1653 1973 1733 justifi-

212 1753 368 1806 care,
407 1753 532 1793 non
580 1731 992 1793 contradicens
1036 1734 1352 1816 Apostolo‚
1397 1733 1776 1812 (rejiciendus
1825 1734 1974 1797 31ἰο-Δ

212 1815 366 1898 qui,)
383 1814 488 1876 sed
509 1813 829 1876 ostendens
847 1816 1262 1877 Abrahamum
1284 1816 1480 1875 vivam
1501 1816 1970 1896 justificantem-

210 1919 332 1981 que
359 1897 544 1959 fidem
566 1919 735 1959 suam
761 1897 1150 1959 declaravisse
1173 1921 1279 1981 per
1298 1921 1496 1980 opera.
1550 1899 1623 1960 Id
1648 1901 1809 1981 quod
1834 1924 1966 1963 om-

209 2002 319 2042 nes
338 1980 423 2064 pii
444 1980 695 2054 faciunt,
713 1981 818 2062 qui
840 1995 1042 2042 tamen
1068 1982 1176 2043 soli
1197 1982 1460 2055 Christ0,
1481 1982 1661 2042 nullis
1681 1984 1801 2044 suis
1824 2007 1966 2067 ope-

207 2063 375 2146 ribus
397 2062 613 2125 fidunt.
684 2064 912 2124 Iterum
945 2065 1107 2124 enim
1129 2064 1456 2147 Apostolus
1479 2064 1653 2138 dixit,
1677 2066 1875 2127 Galat.
1901 2068 1961 2130 ii.

216 2144 519 2229 V'wojam
546 2168 667 2207 non
696 2167 825 2229 ege,
851 2147 964 2207 sed
985 2148 1134 2208 vivit
1163 2149 1228 2208 in
1256 2169 1352 2208 me
1386 2146 1687 2209 Christus.
1747 2150 1961 2212 Vitam

209 2237 415 2291 autem
434 2251 618 2312 quam
645 2251 806 2290 nunc
830 2230 966 2291 vivo
994 2230 1059 2291 in
1088 2251 1288 2304 carne,
1306 2227 1632 2313 perfidem
1658 2232 1791 2294 vivo
1813 2234 1965 2296 Filii

207 2311 360 2386 Dei,
387 2313 496 2395 qui
521 2311 738 2372 dilexit
763 2334 875 2385 me,
905 2320 966 2373 et
993 2313 1251 2374 tradidit
1276 2314 1661 2393 semetipsum
1693 2337 1810 2396 pro
1846 2339 1957 2379 me.

204 2393 354 2457 Non
380 2414 677 2476 aspernor
696 2396 971 2477 gratiam
999 2395 1146 2456 Dei.
1235 2396 1402 2456 Nam
1427 2397 1484 2456 si
1500 2418 1619 2477 per
1647 2397 1842 2481 legem
1870 2410 1962 2463 est

187 2476 466 2564 justitia,
487 2478 688 2560 igitur
714 2477 998 2539 Christus
1002 2476 1269 2561 frustra
1296 2487 1575 2540 mortuus
1603 2489 1708 2541 est.

753 2681 1408 2727 ...-....---.-.

0 2771 17 2870 ς·
71 2816 83 2820 „
203 2836 309 2901 De
340 2837 511 2913 Fide,
539 2845 599 2900 et
627 2837 822 2899 Bonis
856 2838 1175 2920 Operibus,
1204 2860 1529 2922 eorumque
1560 2840 1866 2917 Mercede,
1897 2855 1957 2909 et

796 2921 1032 2984 Merito
1061 2922 1365 2984 Homini-5.

991 3075 1166 3137 XVI.

203 3195 487 3277 FIDES
513 3214 677 3275 enim
701 3214 1065 3289 Christiana,
1089 3238 1210 3276 non
1239 3227 1330 3275 est
1358 3215 1565 3296 opinio
1595 3237 1663 3277 ac
1688 3216 1952 3282 humana

200 3296 522 3380 persuasio,
550 3295 653 3356 sed
693 3298 1035 3358 firmissima
1076 3298 1295 3358 fiducia
1331 3309 1392 3358 et
1426 3297 1667 3358 evidens
1702 3321 1774 3360 ac
1810 3323 1953 3365 con-

197 3391 362 3441 stans
391 3378 577 3440 animi
601 3399 892 3452 assensus,
914 3379 1175 3460 denique
1203 3379 1534 3440 certissima
1552 3382 1953 3464 comprehen-

197 3461 288 3524 sio
313 3461 578 3524 veritatis
598 3461 740 3535 Dei,
756 3462 1081 3544 propositae
1109 3462 1170 3522 in
1200 3462 1542 3544 Scripturis,
1563 3475 1625 3525 et
1654 3464 1951 3547 Symbolo

194 3545 568 3629 ApostolicO,
610 3557 792 3625 atque
841 3544 991 3605 adeo
1032 3544 1151 3605 Dei
1197 3544 1383 3629 ipsius
1431 3546 1652 3608 summi
1701 3549 1862 3627 boni,
1890 3565 1953 3615 et

195 3628 509 3713 praecipue‘
536 3628 948 3710 promissionis
989 3627 1227 3703 divinoe,
1268 3639 1331 3691 et
1373 3628 1622 3705 Christi,
1662 3632 1769 3713 qui
1818 3657 1950 3697 om·
1992 3691 2001 3696 .

1034 3731 1073 3771 Ε
1100 3720 1138 3772 3

1659 3776 1693 3788 l
