<?xml version="1.0" encoding="UTF-8"?>
<!DOCTYPE html PUBLIC "-//W3C//DTD XHTML 1.0 Transitional//EN"
    "http://www.w3.org/TR/xhtml1/DTD/xhtml1-transitional.dtd">
<html xmlns="http://www.w3.org/1999/xhtml" xml:lang="en" lang="en">
 <head>
  <title>
</title>
<meta http-equiv="Content-Type" content="text/html;charset=utf-8" />
  <meta name='ocr-system' content='tesseract 3.04.00' />
  <meta name='ocr-capabilities' content='ocr_page ocr_carea ocr_par ocr_line ocrx_word'/>
</head>
<body>
  <div class='ocr_page' id='page_1' title='image "./syllogeconfessio00oxfouoft_0046.png"; bbox 0 0 2418 4172; ppageno 0'>
   <div class='ocr_carea' id='block_1_1' title="bbox 489 347 1613 402">
    <p class='ocr_par' dir='ltr' id='par_1_1' title="bbox 489 347 1613 402">
     <span class='ocr_line' id='line_1_1' title="bbox 489 347 1613 402; baseline 0.003 -5"><span class='ocrx_word' id='word_1_1' title='bbox 489 348 562 398; x_wconf 76' lang='lat'>24</span> <span class='ocrx_word' id='word_1_2' title='bbox 1121 347 1613 402; x_wconf 86' lang='lat' dir='ltr'>CONFESSIO</span> 
     </span>
    </p>
   </div>
   <div class='ocr_carea' id='block_1_2' title="bbox 409 487 2259 3709">
    <p class='ocr_par' dir='ltr' id='par_1_2' title="bbox 481 487 2253 2141">
     <span class='ocr_line' id='line_1_2' title="bbox 495 487 2239 573; baseline 0 -24"><span class='ocrx_word' id='word_1_3' title='bbox 495 488 650 550; x_wconf 76' lang='lat' dir='ltr'>ratis</span> <span class='ocrx_word' id='word_1_4' title='bbox 679 500 737 550; x_wconf 81' lang='lat' dir='ltr'>et</span> <span class='ocrx_word' id='word_1_5' title='bbox 765 490 1003 551; x_wconf 74' lang='lat' dir='ltr'>onerati</span> <span class='ocrx_word' id='word_1_6' title='bbox 1031 491 1193 564; x_wconf 76' lang='lat' dir='ltr'>estis,</span> <span class='ocrx_word' id='word_1_7' title='bbox 1224 499 1280 552; x_wconf 83' lang='lat' dir='ltr'>et</span> <span class='ocrx_word' id='word_1_8' title='bbox 1310 512 1422 573; x_wconf 82' lang='lat' dir='ltr'>ego</span> <span class='ocrx_word' id='word_1_9' title='bbox 1449 487 1723 573; x_wconf 75' lang='lat' dir='ltr'>reficiam</span> <span class='ocrx_word' id='word_1_10' title='bbox 1751 510 1872 564; x_wconf 75' lang='lat' dir='ltr'>vos,</span> <span class='ocrx_word' id='word_1_11' title='bbox 1907 489 2133 551; x_wconf 86' lang='lat' dir='ltr'>Matth.</span> <span class='ocrx_word' id='word_1_12' title='bbox 2158 490 2239 550; x_wconf 85' lang='lat' dir='ltr'>xi.</span> 
     </span>
     <span class='ocr_line' id='line_1_3' title="bbox 500 570 2243 654; baseline -0.001 -22"><span class='ocrx_word' id='word_1_13' title='bbox 500 570 745 633; x_wconf 84' lang='lat' dir='ltr'>Etcum</span> <span class='ocrx_word' id='word_1_14' title='bbox 783 571 1071 654; x_wconf 88' lang='lat' dir='ltr'>scriptum</span> <span class='ocrx_word' id='word_1_15' title='bbox 1104 573 1213 634; x_wconf 89' lang='lat' dir='ltr'>sit:</span> <span class='ocrx_word' id='word_1_16' title='bbox 1261 574 1570 646; x_wconf 83' lang='lat' dir='ltr'><strong><em>Quomodo</em></strong></span> <span class='ocrx_word' id='word_1_17' title='bbox 1607 573 1966 634; x_wconf 78' lang='lat' dir='ltr'>invocabunt</span> <span class='ocrx_word' id='word_1_18' title='bbox 1993 594 2148 645; x_wconf 81' lang='lat' dir='ltr'>eum,</span> <span class='ocrx_word' id='word_1_19' title='bbox 2176 572 2243 632; x_wconf 77' lang='lat' dir='ltr'>in</span> 
     </span>
     <span class='ocr_line' id='line_1_4' title="bbox 697 655 2240 716; baseline -0.001 0"><span class='ocrx_word' id='word_1_20' title='bbox 697 677 816 716; x_wconf 78' lang='lat' dir='ltr'>non</span> <span class='ocrx_word' id='word_1_21' title='bbox 846 655 1231 716; x_wconf 81' lang='lat' dir='ltr'>crediderunt</span> <span class='ocrx_word' id='word_1_22' title='bbox 1255 658 1291 716; x_wconf 80' lang='lat'>‚⁹</span> <span class='ocrx_word' id='word_1_23' title='bbox 1323 656 1503 716; x_wconf 84' lang='lat' dir='ltr'>Rom.</span> <span class='ocrx_word' id='word_1_24' title='bbox 1526 678 1584 716; x_wconf 85' lang='lat' dir='ltr'>x.</span> <span class='ocrx_word' id='word_1_25' title='bbox 1624 655 1756 716; x_wconf 87' lang='lat' dir='ltr'>Nos</span> <span class='ocrx_word' id='word_1_26' title='bbox 1787 677 1925 716; x_wconf 92' lang='lat' dir='ltr'>vero</span> <span class='ocrx_word' id='word_1_27' title='bbox 1957 656 2015 715; x_wconf 89' lang='lat' dir='ltr'>in</span> <span class='ocrx_word' id='word_1_28' title='bbox 2045 655 2240 715; x_wconf 89' lang='lat' dir='ltr'>solum</span> 
     </span>
     <span class='ocr_line' id='line_1_5' title="bbox 563 735 2242 818; baseline -0.001 -21"><span class='ocrx_word' id='word_1_29' title='bbox 563 759 700 798; x_wconf 89' lang='lat' dir='ltr'>eum</span> <span class='ocrx_word' id='word_1_30' title='bbox 733 737 1050 812; x_wconf 88' lang='lat' dir='ltr'>credimus,</span> <span class='ocrx_word' id='word_1_31' title='bbox 1073 739 1269 799; x_wconf 91' lang='lat' dir='ltr'>solum</span> <span class='ocrx_word' id='word_1_32' title='bbox 1303 752 1460 799; x_wconf 87' lang='lat' dir='ltr'>certe</span> <span class='ocrx_word' id='word_1_33' title='bbox 1491 739 1872 799; x_wconf 80' lang='lat' dir='ltr'>invocamus:</span> <span class='ocrx_word' id='word_1_34' title='bbox 1904 751 1966 798; x_wconf 91' lang='lat' dir='ltr'>et</span> <span class='ocrx_word' id='word_1_35' title='bbox 1994 735 2242 818; x_wconf 89' lang='lat' dir='ltr'>quidem</span> 
     </span>
     <span class='ocr_line' id='line_1_6' title="bbox 497 818 2245 903; baseline -0.001 -23"><span class='ocrx_word' id='word_1_36' title='bbox 497 842 606 902; x_wconf 90' lang='lat' dir='ltr'>per</span> <span class='ocrx_word' id='word_1_37' title='bbox 661 819 994 881; x_wconf 81' lang='lat' dir='ltr'>Christum.</span> <span class='ocrx_word' id='word_1_38' title='bbox 1103 821 1275 882; x_wconf 77' lang='lat' dir='ltr'>Unus</span> <span class='ocrx_word' id='word_1_39' title='bbox 1320 822 1477 882; x_wconf 80' lang='lat' dir='ltr'>enim</span> <span class='ocrx_word' id='word_1_40' title='bbox 1530 821 1724 893; x_wconf 65' lang='lat' dir='ltr'>Deua,</span> <span class='ocrx_word' id='word_1_41' title='bbox 1781 821 1865 882; x_wconf 89' lang='lat' dir='ltr'>ait</span> <span class='ocrx_word' id='word_1_42' title='bbox 1921 818 2245 903; x_wconf 80' lang='lat' dir='ltr'>apostolus,</span> 
     </span>
     <span class='ocr_line' id='line_1_7' title="bbox 505 900 2247 964; baseline -0.001 -2"><span class='ocrx_word' id='word_1_43' title='bbox 505 914 528 962; x_wconf 88' lang='lat'>1</span> <span class='ocrx_word' id='word_1_44' title='bbox 557 902 719 963; x_wconf 83' lang='lat' dir='ltr'>Tim.</span> <span class='ocrx_word' id='word_1_45' title='bbox 752 902 809 963; x_wconf 85' lang='lat' dir='ltr'>ii.</span> <span class='ocrx_word' id='word_1_46' title='bbox 853 911 912 963; x_wconf 83' lang='lat' dir='ltr'>et</span> <span class='ocrx_word' id='word_1_47' title='bbox 939 925 1094 963; x_wconf 75' lang='lat' dir='ltr'>unus</span> <span class='ocrx_word' id='word_1_48' title='bbox 1114 903 1429 964; x_wconf 77' lang='lat' dir='ltr'>Mediator</span> <span class='ocrx_word' id='word_1_49' title='bbox 1459 903 1586 964; x_wconf 75' lang='lat' dir='ltr'>Dei</span> <span class='ocrx_word' id='word_1_50' title='bbox 1607 913 1665 963; x_wconf 80' lang='lat' dir='ltr'>et</span> <span class='ocrx_word' id='word_1_51' title='bbox 1694 904 1998 964; x_wconf 79' lang='lat' dir='ltr'>hominum</span> <span class='ocrx_word' id='word_1_52' title='bbox 2035 900 2247 962; x_wconf 72' lang='lat' dir='ltr'>Chris-</span> 
     </span>
     <span class='ocr_line' id='line_1_8' title="bbox 498 982 2248 1068; baseline -0.001 -23"><span class='ocrx_word' id='word_1_53' title='bbox 498 998 598 1046; x_wconf 72' lang='lat' dir='ltr'>tus</span> <span class='ocrx_word' id='word_1_54' title='bbox 624 985 830 1046; x_wconf 69' lang='lat' dir='ltr'>‹Iesu-5.</span> <span class='ocrx_word' id='word_1_55' title='bbox 893 986 1071 1058; x_wconf 88' lang='lat' dir='ltr'><strong>Item,</strong></span> <span class='ocrx_word' id='word_1_56' title='bbox 1108 998 1131 1046; x_wconf 84' lang='lat'>1</span> <span class='ocrx_word' id='word_1_57' title='bbox 1159 986 1340 1048; x_wconf 87' lang='lat' dir='ltr'>Joan.</span> <span class='ocrx_word' id='word_1_58' title='bbox 1370 986 1429 1045; x_wconf 88' lang='lat' dir='ltr'>ii.</span> <span class='ocrx_word' id='word_1_59' title='bbox 1475 986 1545 1045; x_wconf 75' lang='lat' dir='ltr'>Si</span> <span class='ocrx_word' id='word_1_60' title='bbox 1572 987 1705 1068; x_wconf 72' lang='lat' dir='ltr'>quis</span> <span class='ocrx_word' id='word_1_61' title='bbox 1735 985 2097 1066; x_wconf 77' lang='lat' dir='ltr'>peccaverit,</span> <span class='ocrx_word' id='word_1_62' title='bbox 2115 982 2248 1044; x_wconf 82' lang='lat' dir='ltr'>Ad-</span> 
     </span>
     <span class='ocr_line' id='line_1_9' title="bbox 498 1067 2247 1150; baseline -0.002 -21"><span class='ocrx_word' id='word_1_63' title='bbox 498 1076 777 1129; x_wconf 79' lang='lat' dir='ltr'>vocatum</span> <span class='ocrx_word' id='word_1_64' title='bbox 823 1067 1109 1129; x_wconf 78' lang='lat' dir='ltr'>habemus</span> <span class='ocrx_word' id='word_1_65' title='bbox 1153 1068 1322 1150; x_wconf 81' lang='lat' dir='ltr'>opud</span> <span class='ocrx_word' id='word_1_66' title='bbox 1362 1067 1639 1142; x_wconf 82' lang='lat' dir='ltr'>Patrem,</span> <span class='ocrx_word' id='word_1_67' title='bbox 1666 1068 1890 1129; x_wconf 70' lang='lat' dir='ltr'>desum</span> <span class='ocrx_word' id='word_1_68' title='bbox 1937 1067 2247 1129; x_wconf 73' lang='lat' dir='ltr'><em>Christum</em></span> 
     </span>
     <span class='ocr_line' id='line_1_10' title="bbox 513 1150 2102 1229; baseline -0.001 -17"><span class='ocrx_word' id='word_1_69' title='bbox 513 1150 744 1225; x_wconf 61' lang='grc' dir='ltr'>ἀπηνῆ,</span> <span class='ocrx_word' id='word_1_70' title='bbox 773 1153 881 1211; x_wconf 88' lang='lat' dir='ltr'>&amp;c.</span> <span class='ocrx_word' id='word_1_71' title='bbox 2097 1224 2102 1229; x_wconf 36' lang='grc'>,</span> 
     </span>
     <span class='ocr_line' id='line_1_11' title="bbox 481 1173 2249 1306; baseline 0 -13"><span class='ocrx_word' id='word_1_72' title='bbox 481 1173 522 1234; x_wconf 62' lang='lat'>⁸7</span> <span class='ocrx_word' id='word_1_73' title='bbox 586 1233 839 1293; x_wconf 83' lang='lat' dir='ltr'>Proinde</span> <span class='ocrx_word' id='word_1_74' title='bbox 868 1243 1103 1293; x_wconf 88' lang='lat' dir='ltr'>sanctos</span> <span class='ocrx_word' id='word_1_75' title='bbox 1132 1233 1364 1293; x_wconf 86' lang='lat' dir='ltr'>coelites</span> <span class='ocrx_word' id='word_1_76' title='bbox 1395 1232 1518 1292; x_wconf 88' lang='lat' dir='ltr'>sive</span> <span class='ocrx_word' id='word_1_77' title='bbox 1547 1231 1735 1303; x_wconf 89' lang='lat' dir='ltr'>divos,</span> <span class='ocrx_word' id='word_1_78' title='bbox 1765 1255 1877 1293; x_wconf 91' lang='lat' dir='ltr'>nec</span> <span class='ocrx_word' id='word_1_79' title='bbox 1911 1231 2249 1306; x_wconf 89' lang='lat' dir='ltr'>adoramus,</span> 
     </span>
     <span class='ocr_line' id='line_1_12' title="bbox 502 1314 2247 1396; baseline 0 -21"><span class='ocrx_word' id='word_1_80' title='bbox 502 1337 700 1396; x_wconf 90' lang='lat' dir='ltr'>neque</span> <span class='ocrx_word' id='word_1_81' title='bbox 744 1315 1018 1388; x_wconf 89' lang='lat' dir='ltr'>colimus,</span> <span class='ocrx_word' id='word_1_82' title='bbox 1060 1337 1171 1375; x_wconf 90' lang='lat' dir='ltr'>nec</span> <span class='ocrx_word' id='word_1_83' title='bbox 1218 1315 1585 1383; x_wconf 86' lang='lat' dir='ltr'>invocamus,</span> <span class='ocrx_word' id='word_1_84' title='bbox 1624 1335 1820 1394; x_wconf 90' lang='lat' dir='ltr'>neque</span> <span class='ocrx_word' id='word_1_85' title='bbox 1865 1314 1999 1374; x_wconf 90' lang='lat' dir='ltr'>illos</span> <span class='ocrx_word' id='word_1_86' title='bbox 2044 1335 2247 1375; x_wconf 90' lang='lat' dir='ltr'>coram</span> 
     </span>
     <span class='ocr_line' id='line_1_13' title="bbox 503 1395 2250 1479; baseline 0.001 -21"><span class='ocrx_word' id='word_1_87' title='bbox 503 1398 676 1458; x_wconf 89' lang='lat' dir='ltr'>Patre</span> <span class='ocrx_word' id='word_1_88' title='bbox 707 1397 766 1456; x_wconf 91' lang='lat' dir='ltr'>in</span> <span class='ocrx_word' id='word_1_89' title='bbox 799 1397 970 1458; x_wconf 87' lang='lat' dir='ltr'>coelis</span> <span class='ocrx_word' id='word_1_90' title='bbox 1014 1418 1123 1479; x_wconf 89' lang='lat' dir='ltr'>pro</span> <span class='ocrx_word' id='word_1_91' title='bbox 1157 1395 1644 1456; x_wconf 77' lang='lat' dir='ltr'>intercessoribus</span> <span class='ocrx_word' id='word_1_92' title='bbox 1675 1407 1780 1456; x_wconf 88' lang='lat' dir='ltr'>aut</span> <span class='ocrx_word' id='word_1_93' title='bbox 1820 1395 2250 1459; x_wconf 66' lang='lat' dir='ltr'>mediatoribus</span> 
     </span>
     <span class='ocr_line' id='line_1_14' title="bbox 502 1478 2252 1561; baseline 0.001 -22"><span class='ocrx_word' id='word_1_94' title='bbox 502 1478 720 1540; x_wconf 91' lang='lat' dir='ltr'>nostris</span> <span class='ocrx_word' id='word_1_95' title='bbox 766 1478 1169 1561; x_wconf 80' lang='lat' dir='ltr'>agnoscimus.</span> <span class='ocrx_word' id='word_1_96' title='bbox 1253 1478 1490 1539; x_wconf 85' lang='lat' dir='ltr'>Sufficit</span> <span class='ocrx_word' id='word_1_97' title='bbox 1532 1478 1694 1539; x_wconf 86' lang='lat' dir='ltr'>enim</span> <span class='ocrx_word' id='word_1_98' title='bbox 1743 1479 1916 1539; x_wconf 88' lang='lat' dir='ltr'>nobis</span> <span class='ocrx_word' id='word_1_99' title='bbox 1958 1478 2152 1553; x_wconf 86' lang='lat' dir='ltr'>Deus,</span> <span class='ocrx_word' id='word_1_100' title='bbox 2187 1490 2252 1540; x_wconf 90' lang='lat' dir='ltr'>et</span> 
     </span>
     <span class='ocr_line' id='line_1_15' title="bbox 504 1561 2251 1642; baseline 0 -20"><span class='ocrx_word' id='word_1_101' title='bbox 504 1562 809 1623; x_wconf 81' lang='lat' dir='ltr'>Mediator</span> <span class='ocrx_word' id='word_1_102' title='bbox 826 1561 1126 1636; x_wconf 75' lang='lat' dir='ltr'>ChristuS,</span> <span class='ocrx_word' id='word_1_103' title='bbox 1149 1583 1344 1642; x_wconf 89' lang='lat' dir='ltr'>neque</span> <span class='ocrx_word' id='word_1_104' title='bbox 1376 1562 1666 1622; x_wconf 89' lang='lat' dir='ltr'>honorem</span> <span class='ocrx_word' id='word_1_105' title='bbox 1697 1562 1806 1621; x_wconf 89' lang='lat' dir='ltr'>soli</span> <span class='ocrx_word' id='word_1_106' title='bbox 1836 1562 1976 1623; x_wconf 92' lang='lat' dir='ltr'>Deo</span> <span class='ocrx_word' id='word_1_107' title='bbox 2004 1572 2066 1623; x_wconf 89' lang='lat' dir='ltr'>et</span> <span class='ocrx_word' id='word_1_108' title='bbox 2092 1561 2251 1623; x_wconf 86' lang='lat' dir='ltr'>Filio</span> 
     </span>
     <span class='ocr_line' id='line_1_16' title="bbox 503 1643 2251 1725; baseline 0 -20"><span class='ocrx_word' id='word_1_109' title='bbox 503 1645 632 1725; x_wconf 88' lang='lat' dir='ltr'>ejus</span> <span class='ocrx_word' id='word_1_110' title='bbox 655 1645 926 1706; x_wconf 87' lang='lat' dir='ltr'>debitum</span> <span class='ocrx_word' id='word_1_111' title='bbox 961 1644 1090 1705; x_wconf 87' lang='lat' dir='ltr'>aliis</span> <span class='ocrx_word' id='word_1_112' title='bbox 1120 1644 1672 1705; x_wconf 85' lang='lat' dir='ltr'>communicamus:</span> <span class='ocrx_word' id='word_1_113' title='bbox 1711 1644 1869 1724; x_wconf 91' lang='lat' dir='ltr'>quod</span> <span class='ocrx_word' id='word_1_114' title='bbox 1905 1644 2005 1705; x_wconf 89' lang='lat' dir='ltr'>ille</span> <span class='ocrx_word' id='word_1_115' title='bbox 2031 1643 2251 1705; x_wconf 80' lang='lat' dir='ltr'>diserte</span> 
     </span>
     <span class='ocr_line' id='line_1_17' title="bbox 503 1726 2251 1801; baseline 0 -13"><span class='ocrx_word' id='word_1_116' title='bbox 503 1728 755 1788; x_wconf 85' lang='lat' dir='ltr'>dixerit:</span> <span class='ocrx_word' id='word_1_117' title='bbox 795 1726 1076 1788; x_wconf 76' lang='lat' dir='ltr'>Gloriam</span> <span class='ocrx_word' id='word_1_118' title='bbox 1126 1749 1322 1788; x_wconf 87' lang='lat' dir='ltr'>meam</span> <span class='ocrx_word' id='word_1_119' title='bbox 1361 1726 1545 1788; x_wconf 81' lang='lat' dir='ltr'>alteri</span> <span class='ocrx_word' id='word_1_120' title='bbox 1572 1749 1692 1788; x_wconf 84' lang='lat' dir='ltr'>non</span> <span class='ocrx_word' id='word_1_121' title='bbox 1721 1727 1891 1801; x_wconf 80' lang='lat' dir='ltr'>dabo,</span> <span class='ocrx_word' id='word_1_122' title='bbox 1922 1727 2095 1788; x_wconf 81' lang='lat' dir='ltr'>lsaiae</span> <span class='ocrx_word' id='word_1_123' title='bbox 2123 1727 2251 1788; x_wconf 82' lang='lat' dir='ltr'>xlii.</span> 
     </span>
     <span class='ocr_line' id='line_1_18' title="bbox 503 1809 2253 1892; baseline -0.001 -20"><span class='ocrx_word' id='word_1_124' title='bbox 503 1810 587 1872; x_wconf 91' lang='lat' dir='ltr'>Et</span> <span class='ocrx_word' id='word_1_125' title='bbox 615 1809 778 1892; x_wconf 92' lang='lat' dir='ltr'>quod</span> <span class='ocrx_word' id='word_1_126' title='bbox 811 1811 1019 1871; x_wconf 90' lang='lat' dir='ltr'>Petrus</span> <span class='ocrx_word' id='word_1_127' title='bbox 1049 1809 1220 1884; x_wconf 86' lang='lat' dir='ltr'>dixit,</span> <span class='ocrx_word' id='word_1_128' title='bbox 1249 1811 1385 1871; x_wconf 90' lang='lat' dir='ltr'>Act.</span> <span class='ocrx_word' id='word_1_129' title='bbox 1417 1811 1490 1870; x_wconf 92' lang='lat' dir='ltr'>iv.</span> <span class='ocrx_word' id='word_1_130' title='bbox 1522 1810 1667 1872; x_wconf 81' lang='lat' dir='ltr'>Non</span> <span class='ocrx_word' id='word_1_131' title='bbox 1705 1810 1883 1871; x_wconf 75' lang='lat' dir='ltr'>aliud</span> <span class='ocrx_word' id='word_1_132' title='bbox 1918 1809 2253 1871; x_wconf 73' lang='lat' dir='ltr'>hominibus</span> 
     </span>
     <span class='ocr_line' id='line_1_19' title="bbox 502 1891 2253 1976; baseline -0.001 -21"><span class='ocrx_word' id='word_1_133' title='bbox 502 1916 715 1955; x_wconf 77' lang='lat' dir='ltr'>nomen</span> <span class='ocrx_word' id='word_1_134' title='bbox 745 1893 973 1968; x_wconf 82' lang='lat' dir='ltr'>datum,</span> <span class='ocrx_word' id='word_1_135' title='bbox 1002 1894 1068 1954; x_wconf 84' lang='lat' dir='ltr'>in</span> <span class='ocrx_word' id='word_1_136' title='bbox 1104 1914 1217 1975; x_wconf 81' lang='lat' dir='ltr'>quo</span> <span class='ocrx_word' id='word_1_137' title='bbox 1255 1900 1530 1974; x_wconf 76' lang='lat' dir='ltr'>oporteat</span> <span class='ocrx_word' id='word_1_138' title='bbox 1564 1892 1769 1954; x_wconf 77' lang='lat' dir='ltr'>salvos</span> <span class='ocrx_word' id='word_1_139' title='bbox 1786 1891 1972 1976; x_wconf 78' lang='lat' dir='ltr'>fieri,</span> <span class='ocrx_word' id='word_1_140' title='bbox 1997 1894 2122 1954; x_wconf 73' lang='lat' dir='ltr'>nisi</span> <span class='ocrx_word' id='word_1_141' title='bbox 2147 1915 2253 1954; x_wconf 83' lang='lat' dir='ltr'>no-</span> 
     </span>
     <span class='ocr_line' id='line_1_20' title="bbox 506 1975 2253 2058; baseline -0.001 -20"><span class='ocrx_word' id='word_1_142' title='bbox 506 1998 642 2038; x_wconf 85' lang='lat' dir='ltr'>men</span> <span class='ocrx_word' id='word_1_143' title='bbox 668 1976 919 2038; x_wconf 77' lang='lat' dir='ltr'>Christi.</span> <span class='ocrx_word' id='word_1_144' title='bbox 973 1976 1046 2037; x_wconf 93' lang='lat' dir='ltr'>In</span> <span class='ocrx_word' id='word_1_145' title='bbox 1070 1998 1195 2057; x_wconf 93' lang='lat' dir='ltr'>quo</span> <span class='ocrx_word' id='word_1_146' title='bbox 1216 1998 1359 2036; x_wconf 88' lang='lat' dir='ltr'>sane</span> <span class='ocrx_word' id='word_1_147' title='bbox 1379 1976 1483 2056; x_wconf 91' lang='lat' dir='ltr'>qui</span> <span class='ocrx_word' id='word_1_148' title='bbox 1507 1998 1614 2058; x_wconf 89' lang='lat' dir='ltr'>per</span> <span class='ocrx_word' id='word_1_149' title='bbox 1635 1975 1817 2037; x_wconf 87' lang='lat' dir='ltr'>fidem</span> <span class='ocrx_word' id='word_1_150' title='bbox 1842 1976 2253 2058; x_wconf 86' lang='lat' dir='ltr'>acquiescunt,</span> 
     </span>
     <span class='ocr_line' id='line_1_21' title="bbox 505 2058 1849 2141; baseline -0.002 -20"><span class='ocrx_word' id='word_1_151' title='bbox 505 2082 626 2121; x_wconf 91' lang='lat' dir='ltr'>non</span> <span class='ocrx_word' id='word_1_152' title='bbox 657 2074 933 2141; x_wconf 83' lang='lat' dir='ltr'>quoerunt</span> <span class='ocrx_word' id='word_1_153' title='bbox 963 2070 1130 2119; x_wconf 85' lang='lat' dir='ltr'>extra</span> <span class='ocrx_word' id='word_1_154' title='bbox 1159 2058 1469 2119; x_wconf 86' lang='lat' dir='ltr'>Christum</span> <span class='ocrx_word' id='word_1_155' title='bbox 1502 2059 1849 2139; x_wconf 90' lang='lat' dir='ltr'>quicquam.</span> 
     </span>
    </p>

    <p class='ocr_par' dir='ltr' id='par_1_3' title="bbox 497 2141 2258 3052">
     <span class='ocr_line' id='line_1_22' title="bbox 588 2141 2255 2223; baseline -0.001 -19"><span class='ocrx_word' id='word_1_156' title='bbox 588 2142 841 2204; x_wconf 89' lang='lat' dir='ltr'>Interim</span> <span class='ocrx_word' id='word_1_157' title='bbox 881 2142 1070 2214; x_wconf 86' lang='lat' dir='ltr'>divos,</span> <span class='ocrx_word' id='word_1_158' title='bbox 1117 2163 1226 2202; x_wconf 91' lang='lat' dir='ltr'>nec</span> <span class='ocrx_word' id='word_1_159' title='bbox 1263 2141 1730 2215; x_wconf 88' lang='lat' dir='ltr'>contemnimus,</span> <span class='ocrx_word' id='word_1_160' title='bbox 1774 2163 1887 2202; x_wconf 90' lang='lat' dir='ltr'>nec</span> <span class='ocrx_word' id='word_1_161' title='bbox 1930 2141 2255 2223; x_wconf 82' lang='lat' dir='ltr'>vulgariter</span> 
     </span>
     <span class='ocr_line' id='line_1_23' title="bbox 504 2224 2255 2319; baseline 0 -34"><span class='ocrx_word' id='word_1_162' title='bbox 504 2224 580 2285; x_wconf 92' lang='lat' dir='ltr'>de</span> <span class='ocrx_word' id='word_1_163' title='bbox 624 2226 709 2286; x_wconf 84' lang='lat' dir='ltr'>eis</span> <span class='ocrx_word' id='word_1_164' title='bbox 754 2225 1061 2286; x_wconf 87' lang='lat' dir='ltr'>sentimus.</span> <span class='ocrx_word' id='word_1_165' title='bbox 1147 2224 1554 2319; x_wconf 81' lang='lat' dir='ltr'>Agnoscimus</span> <span class='ocrx_word' id='word_1_166' title='bbox 1604 2224 1767 2286; x_wconf 90' lang='lat' dir='ltr'>enim</span> <span class='ocrx_word' id='word_1_167' title='bbox 1813 2246 1914 2286; x_wconf 90' lang='lat' dir='ltr'>eos</span> <span class='ocrx_word' id='word_1_168' title='bbox 1952 2246 2083 2285; x_wconf 87' lang='lat' dir='ltr'>esse</span> <span class='ocrx_word' id='word_1_169' title='bbox 2118 2224 2255 2285; x_wconf 85' lang='lat' dir='ltr'>viva</span> 
     </span>
     <span class='ocr_line' id='line_1_24' title="bbox 505 2306 2254 2387; baseline -0.001 -19"><span class='ocrx_word' id='word_1_170' title='bbox 505 2308 732 2369; x_wconf 81' lang='lat' dir='ltr'>Christi</span> <span class='ocrx_word' id='word_1_171' title='bbox 781 2309 1072 2381; x_wconf 88' lang='lat' dir='ltr'>membra,</span> <span class='ocrx_word' id='word_1_172' title='bbox 1114 2328 1339 2367; x_wconf 78' lang='lat' dir='ltr'>amicos</span> <span class='ocrx_word' id='word_1_173' title='bbox 1379 2306 1519 2380; x_wconf 90' lang='lat' dir='ltr'>Dei,</span> <span class='ocrx_word' id='word_1_174' title='bbox 1554 2306 1659 2387; x_wconf 91' lang='lat' dir='ltr'>qui</span> <span class='ocrx_word' id='word_1_175' title='bbox 1704 2329 1942 2367; x_wconf 90' lang='lat' dir='ltr'>carnem</span> <span class='ocrx_word' id='word_1_176' title='bbox 1979 2318 2043 2367; x_wconf 92' lang='lat' dir='ltr'>et</span> <span class='ocrx_word' id='word_1_177' title='bbox 2078 2324 2254 2367; x_wconf 87' lang='lat' dir='ltr'>mun-</span> 
     </span>
     <span class='ocr_line' id='line_1_25' title="bbox 506 2388 2256 2473; baseline -0.001 -21"><span class='ocrx_word' id='word_1_178' title='bbox 506 2390 652 2452; x_wconf 92' lang='lat' dir='ltr'>dum</span> <span class='ocrx_word' id='word_1_179' title='bbox 686 2391 941 2473; x_wconf 78' lang='lat' dir='ltr'>gloriose</span> <span class='ocrx_word' id='word_1_180' title='bbox 974 2390 1262 2450; x_wconf 91' lang='lat' dir='ltr'>vicerunt.</span> <span class='ocrx_word' id='word_1_181' title='bbox 1349 2389 1681 2470; x_wconf 87' lang='lat' dir='ltr'>Diligimus</span> <span class='ocrx_word' id='word_1_182' title='bbox 1711 2411 1853 2471; x_wconf 91' lang='lat' dir='ltr'>ergo</span> <span class='ocrx_word' id='word_1_183' title='bbox 1882 2389 2014 2450; x_wconf 91' lang='lat' dir='ltr'>illos</span> <span class='ocrx_word' id='word_1_184' title='bbox 2045 2402 2111 2450; x_wconf 88' lang='lat' dir='ltr'>ut</span> <span class='ocrx_word' id='word_1_185' title='bbox 2140 2388 2256 2450; x_wconf 84' lang='lat' dir='ltr'>fra-</span> 
     </span>
     <span class='ocr_line' id='line_1_26' title="bbox 505 2471 2254 2554; baseline -0.001 -20"><span class='ocrx_word' id='word_1_186' title='bbox 505 2485 643 2547; x_wconf 90' lang='lat' dir='ltr'>tres,</span> <span class='ocrx_word' id='word_1_187' title='bbox 671 2485 732 2534; x_wconf 95' lang='lat' dir='ltr'>et</span> <span class='ocrx_word' id='word_1_188' title='bbox 771 2473 1135 2533; x_wconf 84' lang='lat' dir='ltr'>honoramus</span> <span class='ocrx_word' id='word_1_189' title='bbox 1178 2474 1382 2545; x_wconf 90' lang='lat' dir='ltr'>etiam,</span> <span class='ocrx_word' id='word_1_190' title='bbox 1412 2494 1531 2531; x_wconf 91' lang='lat' dir='ltr'>non</span> <span class='ocrx_word' id='word_1_191' title='bbox 1577 2483 1779 2532; x_wconf 90' lang='lat' dir='ltr'>tamen</span> <span class='ocrx_word' id='word_1_192' title='bbox 1824 2471 1990 2532; x_wconf 90' lang='lat' dir='ltr'>culto</span> <span class='ocrx_word' id='word_1_193' title='bbox 2031 2472 2254 2554; x_wconf 90' lang='lat' dir='ltr'>aliquo,</span> 
     </span>
     <span class='ocr_line' id='line_1_27' title="bbox 506 2553 2255 2635; baseline 0 -19"><span class='ocrx_word' id='word_1_194' title='bbox 506 2555 608 2616; x_wconf 88' lang='lat' dir='ltr'>sed</span> <span class='ocrx_word' id='word_1_195' title='bbox 642 2555 972 2616; x_wconf 84' lang='lat' dir='ltr'>honorabili</span> <span class='ocrx_word' id='word_1_196' title='bbox 998 2554 1073 2615; x_wconf 90' lang='lat' dir='ltr'>de</span> <span class='ocrx_word' id='word_1_197' title='bbox 1102 2553 1186 2614; x_wconf 88' lang='lat' dir='ltr'>eis</span> <span class='ocrx_word' id='word_1_198' title='bbox 1214 2554 1678 2627; x_wconf 87' lang='lat' dir='ltr'>existimatione,</span> <span class='ocrx_word' id='word_1_199' title='bbox 1696 2553 1956 2635; x_wconf 90' lang='lat' dir='ltr'>denique</span> <span class='ocrx_word' id='word_1_200' title='bbox 1976 2554 2255 2616; x_wconf 81' lang='lat' dir='ltr'>laudibus</span> 
     </span>
     <span class='ocr_line' id='line_1_28' title="bbox 497 2636 2258 2718; baseline 0 -20"><span class='ocrx_word' id='word_1_201' title='bbox 497 2637 697 2718; x_wconf 84' lang='lat' dir='ltr'>justis.</span> <span class='ocrx_word' id='word_1_202' title='bbox 747 2637 1069 2699; x_wconf 89' lang='lat' dir='ltr'>Imitamur</span> <span class='ocrx_word' id='word_1_203' title='bbox 1099 2636 1240 2697; x_wconf 91' lang='lat' dir='ltr'>item</span> <span class='ocrx_word' id='word_1_204' title='bbox 1269 2659 1390 2698; x_wconf 92' lang='lat' dir='ltr'>eos.</span> <span class='ocrx_word' id='word_1_205' title='bbox 1435 2637 1600 2697; x_wconf 88' lang='lat' dir='ltr'>Nam</span> <span class='ocrx_word' id='word_1_206' title='bbox 1625 2637 1952 2698; x_wconf 89' lang='lat' dir='ltr'>imitatores</span> <span class='ocrx_word' id='word_1_207' title='bbox 1975 2636 2114 2698; x_wconf 87' lang='lat' dir='ltr'>fidei</span> <span class='ocrx_word' id='word_1_208' title='bbox 2138 2638 2258 2698; x_wconf 84' lang='lat' dir='ltr'>vir-</span> 
     </span>
     <span class='ocr_line' id='line_1_29' title="bbox 508 2720 2256 2804; baseline 0 -23"><span class='ocrx_word' id='word_1_209' title='bbox 508 2732 832 2801; x_wconf 86' lang='lat' dir='ltr'>tutumque</span> <span class='ocrx_word' id='word_1_210' title='bbox 872 2720 1161 2804; x_wconf 85' lang='lat' dir='ltr'>ipsorum‚</span> <span class='ocrx_word' id='word_1_211' title='bbox 1205 2732 1508 2781; x_wconf 88' lang='lat' dir='ltr'>consortes</span> <span class='ocrx_word' id='word_1_212' title='bbox 1554 2720 1695 2780; x_wconf 88' lang='lat' dir='ltr'>item</span> <span class='ocrx_word' id='word_1_213' title='bbox 1742 2732 1982 2782; x_wconf 79' lang='lat' dir='ltr'>aeternae</span> <span class='ocrx_word' id='word_1_214' title='bbox 2026 2720 2256 2794; x_wconf 85' lang='lat' dir='ltr'>salutis,</span> 
     </span>
     <span class='ocr_line' id='line_1_30' title="bbox 509 2802 2253 2886; baseline 0 -23"><span class='ocrx_word' id='word_1_215' title='bbox 509 2803 626 2863; x_wconf 90' lang='lat' dir='ltr'>illis</span> <span class='ocrx_word' id='word_1_216' title='bbox 663 2816 950 2864; x_wconf 82' lang='lat' dir='ltr'>oeternum</span> <span class='ocrx_word' id='word_1_217' title='bbox 983 2803 1142 2886; x_wconf 89' lang='lat' dir='ltr'>apud</span> <span class='ocrx_word' id='word_1_218' title='bbox 1173 2802 1376 2864; x_wconf 89' lang='lat' dir='ltr'>Deum</span> <span class='ocrx_word' id='word_1_219' title='bbox 1418 2803 1782 2877; x_wconf 87' lang='lat' dir='ltr'>cohabitare,</span> <span class='ocrx_word' id='word_1_220' title='bbox 1812 2815 1872 2864; x_wconf 91' lang='lat' dir='ltr'>et</span> <span class='ocrx_word' id='word_1_221' title='bbox 1906 2824 2046 2865; x_wconf 90' lang='lat' dir='ltr'>cum</span> <span class='ocrx_word' id='word_1_222' title='bbox 2078 2804 2164 2863; x_wconf 90' lang='lat' dir='ltr'>eis</span> <span class='ocrx_word' id='word_1_223' title='bbox 2194 2803 2253 2864; x_wconf 88' lang='lat' dir='ltr'>in</span> 
     </span>
     <span class='ocr_line' id='line_1_31' title="bbox 510 2885 2256 2966; baseline -0.001 -19"><span class='ocrx_word' id='word_1_224' title='bbox 510 2885 755 2947; x_wconf 87' lang='lat' dir='ltr'>Christo</span> <span class='ocrx_word' id='word_1_225' title='bbox 799 2886 1086 2961; x_wconf 83' lang='lat' dir='ltr'>exultare,</span> <span class='ocrx_word' id='word_1_226' title='bbox 1135 2885 1440 2946; x_wconf 88' lang='lat' dir='ltr'>desideriis</span> <span class='ocrx_word' id='word_1_227' title='bbox 1496 2887 1769 2966; x_wconf 88' lang='lat' dir='ltr'>votisque</span> <span class='ocrx_word' id='word_1_228' title='bbox 1826 2885 2256 2947; x_wconf 86' lang='lat' dir='ltr'>ardentissimis</span> 
     </span>
     <span class='ocr_line' id='line_1_32' title="bbox 509 2968 2253 3052; baseline -0.001 -22"><span class='ocrx_word' id='word_1_229' title='bbox 509 2980 890 3052; x_wconf 88' lang='lat' dir='ltr'>exoptamus.</span> <span class='ocrx_word' id='word_1_230' title='bbox 973 2969 1178 3050; x_wconf 87' lang='lat' dir='ltr'>Atque</span> <span class='ocrx_word' id='word_1_231' title='bbox 1208 2968 1322 3030; x_wconf 89' lang='lat' dir='ltr'>hac</span> <span class='ocrx_word' id='word_1_232' title='bbox 1355 2968 1416 3029; x_wconf 92' lang='lat' dir='ltr'>in</span> <span class='ocrx_word' id='word_1_233' title='bbox 1456 2981 1623 3051; x_wconf 89' lang='lat' dir='ltr'>parte</span> <span class='ocrx_word' id='word_1_234' title='bbox 1656 2970 2060 3051; x_wconf 87' lang='lat' dir='ltr'>approbamus</span> <span class='ocrx_word' id='word_1_235' title='bbox 2090 2968 2253 3030; x_wconf 86' lang='lat' dir='ltr'>illam</span> 
     </span>
    </p>

    <p class='ocr_par' dir='ltr' id='par_1_4' title="bbox 409 3050 2259 3642">
     <span class='ocr_line' id='line_1_33' title="bbox 510 3050 2255 3136; baseline 0.001 -25"><span class='ocrx_word' id='word_1_236' title='bbox 510 3052 572 3112; x_wconf 90' lang='lat' dir='ltr'>S.</span> <span class='ocrx_word' id='word_1_237' title='bbox 600 3051 924 3136; x_wconf 84' lang='lat' dir='ltr'>Augustini</span> <span class='ocrx_word' id='word_1_238' title='bbox 969 3051 1045 3113; x_wconf 92' lang='lat' dir='ltr'>de</span> <span class='ocrx_word' id='word_1_239' title='bbox 1084 3073 1221 3112; x_wconf 89' lang='lat' dir='ltr'>vera</span> <span class='ocrx_word' id='word_1_240' title='bbox 1270 3050 1556 3134; x_wconf 84' lang='lat' dir='ltr'>religione</span> <span class='ocrx_word' id='word_1_241' title='bbox 1603 3051 2002 3112; x_wconf 84' lang='lat' dir='ltr'>sententiam:</span> <span class='ocrx_word' id='word_1_242' title='bbox 2045 3059 2080 3086; x_wconf 90' lang='lat'>“</span> <span class='ocrx_word' id='word_1_243' title='bbox 2109 3050 2255 3112; x_wconf 89' lang='lat' dir='ltr'>Non</span> 
     </span>
     <span class='ocr_line' id='line_1_34' title="bbox 409 3125 2256 3229; baseline -0.001 -33"><span class='ocrx_word' id='word_1_244' title='bbox 409 3125 417 3138; x_wconf 62' lang='lat'><em>⁶</em></span> <span class='ocrx_word' id='word_1_245' title='bbox 510 3144 546 3171; x_wconf 89' lang='lat'><strong>“</strong></span> <span class='ocrx_word' id='word_1_246' title='bbox 580 3135 658 3196; x_wconf 88' lang='lat' dir='ltr'>sit</span> <span class='ocrx_word' id='word_1_247' title='bbox 715 3134 888 3196; x_wconf 87' lang='lat' dir='ltr'>nobis</span> <span class='ocrx_word' id='word_1_248' title='bbox 947 3134 1154 3229; x_wconf 82' lang='lat' dir='ltr'>religio</span> <span class='ocrx_word' id='word_1_249' title='bbox 1221 3135 1417 3196; x_wconf 91' lang='lat' dir='ltr'>cultus</span> <span class='ocrx_word' id='word_1_250' title='bbox 1485 3134 1800 3196; x_wconf 87' lang='lat' dir='ltr'>hominum</span> <span class='ocrx_word' id='word_1_251' title='bbox 1862 3145 2256 3196; x_wconf 88' lang='lat' dir='ltr'>mortuorum.</span> 
     </span>
     <span class='ocr_line' id='line_1_35' title="bbox 510 3216 2256 3292; baseline -0.001 -13"><span class='ocrx_word' id='word_1_252' title='bbox 510 3225 545 3253; x_wconf 91' lang='lat'><strong>“</strong></span> <span class='ocrx_word' id='word_1_253' title='bbox 576 3218 735 3287; x_wconf 88' lang='lat' dir='ltr'>Quia</span> <span class='ocrx_word' id='word_1_254' title='bbox 782 3218 829 3279; x_wconf 88' lang='lat' dir='ltr'>si</span> <span class='ocrx_word' id='word_1_255' title='bbox 927 3216 980 3278; x_wconf 90' lang='lat' dir='ltr'>ie</span> <span class='ocrx_word' id='word_1_256' title='bbox 1024 3217 1301 3292; x_wconf 77' lang='lat' dir='ltr'>vixerint,</span> <span class='ocrx_word' id='word_1_257' title='bbox 1344 3238 1464 3278; x_wconf 93' lang='lat' dir='ltr'>non</span> <span class='ocrx_word' id='word_1_258' title='bbox 1511 3217 1596 3279; x_wconf 90' lang='lat' dir='ltr'>sic</span> <span class='ocrx_word' id='word_1_259' title='bbox 1643 3217 1958 3291; x_wconf 81' lang='lat' dir='ltr'>habentur,</span> <span class='ocrx_word' id='word_1_260' title='bbox 2000 3227 2070 3278; x_wconf 92' lang='lat' dir='ltr'>ut</span> <span class='ocrx_word' id='word_1_261' title='bbox 2110 3217 2256 3278; x_wconf 74' lang='lat' dir='ltr'>tales</span> 
     </span>
     <span class='ocr_line' id='line_1_36' title="bbox 513 3299 2259 3381; baseline -0.002 -19"><span class='ocrx_word' id='word_1_262' title='bbox 513 3309 549 3336; x_wconf 92' lang='lat'><strong>“</strong></span> <span class='ocrx_word' id='word_1_263' title='bbox 581 3310 852 3381; x_wconf 88' lang='lat' dir='ltr'>quaerant</span> <span class='ocrx_word' id='word_1_264' title='bbox 941 3321 1172 3374; x_wconf 83' lang='lat' dir='ltr'>onores,</span> <span class='ocrx_word' id='word_1_265' title='bbox 1207 3299 1309 3361; x_wconf 90' lang='lat' dir='ltr'>sed</span> <span class='ocrx_word' id='word_1_266' title='bbox 1357 3299 1527 3361; x_wconf 89' lang='lat' dir='ltr'>illum</span> <span class='ocrx_word' id='word_1_267' title='bbox 1570 3322 1604 3361; x_wconf 89' lang='lat' dir='ltr'>a</span> <span class='ocrx_word' id='word_1_268' title='bbox 1649 3300 1823 3362; x_wconf 89' lang='lat' dir='ltr'>nobis</span> <span class='ocrx_word' id='word_1_269' title='bbox 1867 3299 1981 3362; x_wconf 88' lang='lat' dir='ltr'>coli</span> <span class='ocrx_word' id='word_1_270' title='bbox 2028 3299 2259 3372; x_wconf 87' lang='lat' dir='ltr'>volunt,</span> 
     </span>
     <span class='ocr_line' id='line_1_37' title="bbox 511 3382 2259 3463; baseline 0 -20"><span class='ocrx_word' id='word_1_271' title='bbox 511 3390 547 3418; x_wconf 83' lang='lat'>‘⁸</span> <span class='ocrx_word' id='word_1_272' title='bbox 580 3405 702 3463; x_wconf 91' lang='lat' dir='ltr'>quo</span> <span class='ocrx_word' id='word_1_273' title='bbox 740 3382 1136 3458; x_wconf 90' lang='lat' dir='ltr'>illuminante,</span> <span class='ocrx_word' id='word_1_274' title='bbox 1157 3383 1439 3445; x_wconf 80' lang='lat' dir='ltr'>loetantur</span> <span class='ocrx_word' id='word_1_275' title='bbox 1473 3383 1669 3444; x_wconf 86' lang='lat' dir='ltr'>meriti</span> <span class='ocrx_word' id='word_1_276' title='bbox 1701 3383 1790 3444; x_wconf 89' lang='lat' dir='ltr'>sui</span> <span class='ocrx_word' id='word_1_277' title='bbox 1821 3404 1932 3444; x_wconf 87' lang='lat' dir='ltr'>nos</span> <span class='ocrx_word' id='word_1_278' title='bbox 1952 3394 2088 3443; x_wconf 78' lang='lat' dir='ltr'>&#39;esse</span> <span class='ocrx_word' id='word_1_279' title='bbox 2115 3401 2259 3443; x_wconf 84' lang='lat' dir='ltr'>oon-</span> 
     </span>
     <span class='ocr_line' id='line_1_38' title="bbox 513 3463 2258 3571; baseline 0 -47"><span class='ocrx_word' id='word_1_280' title='bbox 513 3472 549 3501; x_wconf 91' lang='lat'>“</span> <span class='ocrx_word' id='word_1_281' title='bbox 580 3487 795 3525; x_wconf 86' lang='lat' dir='ltr'>servos.</span> <span class='ocrx_word' id='word_1_282' title='bbox 851 3464 1207 3527; x_wconf 85' lang='lat' dir='ltr'>Honorandi</span> <span class='ocrx_word' id='word_1_283' title='bbox 1238 3487 1381 3549; x_wconf 91' lang='lat' dir='ltr'>ergo</span> <span class='ocrx_word' id='word_1_284' title='bbox 1404 3477 1545 3527; x_wconf 85' lang='lat' dir='ltr'>sunt</span> <span class='ocrx_word' id='word_1_285' title='bbox 1573 3478 1816 3571; x_wconf 61' lang='lat' dir='ltr'>propter</span> <span class='ocrx_word' id='word_1_286' title='bbox 1838 3463 2258 3536; x_wconf 83' lang='lat' dir='ltr'>imitationem,</span> 
     </span>
     <span class='ocr_line' id='line_1_39' title="bbox 515 3547 1863 3642; baseline -0.001 -35"><span class='ocrx_word' id='word_1_287' title='bbox 515 3555 551 3584; x_wconf 92' lang='lat'><strong>“</strong></span> <span class='ocrx_word' id='word_1_288' title='bbox 585 3569 702 3607; x_wconf 88' lang='lat' dir='ltr'>non</span> <span class='ocrx_word' id='word_1_289' title='bbox 734 3547 1016 3608; x_wconf 79' lang='lat' dir='ltr'>adorandi</span> <span class='ocrx_word' id='word_1_290' title='bbox 1050 3561 1293 3631; x_wconf 89' lang='lat' dir='ltr'>propter</span> <span class='ocrx_word' id='word_1_291' title='bbox 1322 3548 1695 3642; x_wconf 86' lang='lat' dir='ltr'>religionem,</span> <span class='ocrx_word' id='word_1_292' title='bbox 1753 3549 1863 3609; x_wconf 74' lang='grc' dir='ltr'>διο.</span> 
     </span>
    </p>

    <p class='ocr_par' dir='ltr' id='par_1_5' title="bbox 603 3626 2255 3709">
     <span class='ocr_line' id='line_1_40' title="bbox 603 3626 2255 3709; baseline -0.001 -19"><span class='ocrx_word' id='word_1_293' title='bbox 603 3628 808 3691; x_wconf 86' lang='lat' dir='ltr'>Multo</span> <span class='ocrx_word' id='word_1_294' title='bbox 853 3652 992 3690; x_wconf 89' lang='lat' dir='ltr'>vcro</span> <span class='ocrx_word' id='word_1_295' title='bbox 1046 3632 1245 3691; x_wconf 86' lang='lat' dir='ltr'>minus</span> <span class='ocrx_word' id='word_1_296' title='bbox 1302 3629 1602 3692; x_wconf 75' lang='lat' dir='ltr'>credimus</span> <span class='ocrx_word' id='word_1_297' title='bbox 1651 3627 1930 3709; x_wconf 87' lang='lat' dir='ltr'>reliquias</span> <span class='ocrx_word' id='word_1_298' title='bbox 1981 3626 2255 3690; x_wconf 89' lang='lat' dir='ltr'>divorum</span> 
     </span>
    </p>
   </div>
  </div>
 </body>
</html>
