2418 4172
624 331 1189 385 AUGUSTANA
1243 332 1497 384 MDXI..
1826 335 1933 388 227

186 472 536 546 necessario,
562 483 623 532 et
664 472 740 533 de
769 473 908 553 jure
950 473 1171 546 divino,
1204 473 1427 535 debent
1467 472 1730 531 ccclesiae
1778 495 1925 552 μνω-

185 564 361 695 mzt
389 554 813 628 obedientiam,
846 555 1024 634 juxta
1068 554 1236 629 illud,
1284 555 1413 620 Qui
1451 575 1554 614 vos
1596 552 1788 623 audie,
1831 577 1925 614 me

185 654 269 697 ω
364 681 378 695 .

267 716 495 780 Verum
553 741 692 781 cum
745 719 968 799 aliquid
1024 730 1230 781 contra
1277 718 1654 799 evangelium
1706 716 1927 777 docent

185 811 292 862 aut
328 812 620 872 statuunt,
648 812 795 861 tunc
838 801 1061 861 habent
1098 800 1364 861 ecclesiae
1405 799 1756 860 mandatum
1787 799 1926 873 Dei,

185 881 348 964 quod
412 883 813 943 obedientiam
875 883 1173 964 probibet,
1232 883 1413 942 Matt.
1459 881 1559 941 vii.
1614 883 1835 943 Cavete
1889 904 1928 941 a

174 964 732 1047 pseudoprophetis.
789 965 927 1026 Gal.
966 965 1002 1025 i.
1036 966 1109 1027 Si
1153 964 1411 1047 angelus
1454 964 1528 1024 de
1570 963 1715 1025 coelo
1758 963 1931 1024 aliud

186 1046 567 1135 evangelium
605 1048 1139 1131 evangelizaverit,
1169 1047 1494 1108 anathema
1514 1047 1614 1107 sit.
1663 1061 1698 1108 2
1723 1047 1926 1106 Corin.

185 1128 314 1192 xiii.
361 1129 506 1192 Non
544 1153 860 1212 possumus
901 1131 1140 1213 aliquid
1185 1139 1394 1191 contra
1444 1130 1780 1203 veritatem,
1823 1129 1931 1189 sed

178 1232 300 1294 pro
338 1214 616 1276 veritate.
702 1214 882 1286 Item,
932 1214 1111 1274 Data
1169 1221 1259 1273 est
1314 1212 1483 1274 nobis
1525 1221 1796 1294 potestas
1848 1212 1933 1271 ad

187 1292 659 1379 edificationem,
703 1318 821 1357 non
878 1296 962 1357 ad
1014 1296 1499 1357 destructionem.
1585 1295 1686 1355 Sic
1731 1306 1791 1355 et
1836 1316 1931 1353 ca·

188 1397 377 1438 nones
417 1378 799 1461 praecipiunt.
838 1391 895 1439 2.
934 1401 995 1460 q.
1036 1389 1091 1454 7.
1135 1401 1202 1439 ca
1253 1425 1265 1438 .
1296 1377 1662 1452 Sacerdotes,
1698 1388 1760 1436 et
1802 1398 1931 1458 cap.

190 1458 372 1522 Oves.
453 1460 540 1522 Et
565 1461 940 1544 Augustinus
969 1474 1173 1521 contra
1244 1460 1467 1521 etiliani
1498 1459 1814 1541 epistolam
1845 1459 1935 1518 in-

189 1540 344 1622 quit,
369 1542 560 1605 “Nec
600 1543 911 1604 catholicis
954 1542 1249 1625 episcopis
1289 1541 1782 1603 consentiendum
1824 1551 1933 1613 est,

189 1630 229 1660 “
254 1622 430 1686 sicuti
475 1624 628 1686 forte
676 1625 982 1695 falluntur,
1031 1637 1135 1684 aut
1185 1635 1391 1685 contra
1440 1623 1757 1685 canonicas
1809 1622 1928 1683 Dei

188 1711 226 1741 ‘⁸
252 1705 575 1789 scripturas
605 1705 833 1787 aliquid
864 1706 1182 1767 sentiunt.”

271 1786 338 1851 Si
379 1810 563 1870 quam
609 1788 836 1851 habent
877 1788 1056 1849 aliam
1095 1788 1186 1848 vel
1227 1799 1607 1870 potestatem,
1634 1786 1728 1847 vel
1748 1787 1930 1866 juris-

188 1868 516 1933 dictionem
547 1870 610 1931 in
631 1870 1060 1953 cognoscendis
1081 1870 1256 1931 certis
1279 1871 1492 1944 causiS‚
1513 1869 1789 1930 videlicet
1813 1891 1936 1928 ma-

189 1952 478 2026 trimonii,
506 1964 612 2014 aut
646 1953 1039 2027 decimarum,
1068 1955 1176 2014 διο.
1210 1953 1366 2013 banc
1405 1954 1629 2013 babent
1667 1953 1935 2012 humano

182 2034 341 2115 jure,
379 2035 503 2107 ubi,
530 2036 899 2097 cessantibus
936 2035 1266 2107 ordinariis,
1295 2046 1593 2116 coguntur
1635 2034 1936 2116 principes

194 2116 290 2179 vel
317 2116 488 2179 inviti
517 2118 639 2179 suis
669 2117 921 2179 subditis
940 2118 1042 2198 jus
1071 2117 1290 2189 dicere,
1321 2130 1390 2177 ut
1419 2139 1538 2199 pax
1569 2116 1909 2177 retineatur.

278 2198 498 2261 Praeter
525 2200 653 2262 haec
680 2200 1037 2294 disputatur,
1068 2211 1269 2261 utrum
1300 2199 1567 2281 episcopi
1598 2222 1703 2260 seu
1740 2210 1937 2280 pasto-

195 2302 288 2344 res
336 2282 597 2344 habeant
627 2281 730 2362 jus
773 2282 1119 2343 instituendi
1164 2282 1531 2343 ceremonias
1573 2281 1634 2341 in
1670 2280 1939 2351 ecclesia,

194 2375 258 2427 et
296 2362 458 2459 leges
497 2364 575 2425 de
617 2365 786 2439 cibis,
826 2364 1007 2439 feriis,
1040 2365 1322 2447 gradibus
1368 2364 1797 2431 ministrorum,
1832 2384 1936 2422 seu

192 2445 524 2520 ordinibus,
552 2448 663 2509 &c.
691 2446 1004 2510 condendi.
1077 2447 1220 2508 Hoc
1238 2446 1342 2527 jus
1373 2447 1476 2527 qui
1509 2446 1779 2506 tribuunt
1812 2445 1940 2526 epi-

194 2529 411 2613 scopis,
452 2529 713 2612 allegant
760 2529 1197 2603 testimonium,
1239 2529 1461 2590 Adhuc
1504 2527 1699 2589 multa
1748 2528 1935 2588 habeo

194 2611 360 2674 vobio
392 2612 619 2687 dicere,
655 2613 768 2674 sed
802 2634 921 2674 non
956 2613 1211 2694 potestis
1245 2620 1502 2694 portare
1542 2611 1713 2671 modo
1737 2635 1759 2671 .·
1806 2632 1938 2671 cum

199 2701 404 2755 auten·
427 2696 662 2756 venerit
688 2695 796 2756 ille
817 2695 1087 2776 Spiritus
1113 2695 1408 2768 veritatis,
1430 2694 1662 2755 docebit
1688 2716 1791 2754 vos
1816 2715 1940 2752 om-

199 2795 338 2837 nen
361 2777 698 2840 veritatem.
779 2779 1063 2860 Allegant
1100 2779 1279 2839 etiam
1317 2777 1666 2858 exemplum
1701 2787 1941 2856 aposto·

201 2855 418 2931 lorum,
458 2859 563 2940 qui
654 2860 1044 2922 robibuerunt
1100 2861 1395 2921 abstinere
1445 2881 1478 2918 a
1528 2858 1836 2938 sanguine,
1878 2869 1938 2916 et

200 2938 506 3002 suffocato.
649 2942 876 3024 llegant
930 2944 1243 3004 sabbatum
1306 2953 1607 3002 mutatum
1667 2939 1727 2999 in
1779 2938 1937 2999 diem

201 3019 597 3084 Dominicum
627 3037 832 3086 contra
851 3025 1250 3107 Decalogum,
1275 3038 1343 3084 ut
1371 3022 1622 3084 videtur.
1692 3021 1829 3081 Nec
1854 3021 1943 3080 ul-

203 3103 334 3165 lum
375 3106 723 3188 exemplum
771 3090 961 3190 niagis
994 3107 1257 3187 jactatur
1294 3127 1478 3187 quam
1520 3103 1775 3164 mutatio
1808 3103 1941 3163 sab-

203 3185 348 3248 bati.
421 3186 714 3269 Magnam
735 3189 1106 3250 contendunt
1127 3189 1391 3250 ecclesiae
1414 3198 1771 3269 potestatem
1794 3207 1941 3260 esse,

203 3267 365 3349 quod
395 3267 488 3330 dis
569 3271 823 3332 moverit
849 3270 925 3332 de
946 3283 1255 3369 praecepto
1282 3269 1593 3348 Decalogi.

285 3350 407 3412 Sed
461 3291 566 3412 g
585 3352 698 3412 hac
753 3364 1079 3433 quaestione
1130 3353 1313 3411 nostri
1365 3352 1449 3410 sic
1499 3350 1737 3424 docent,
1779 3349 1942 3431 quod

201 3432 472 3517 episcopi
523 3456 641 3495 non
702 3435 926 3496 habent
974 3445 1332 3516 potestatem
1381 3431 1679 3494 statuendi
1722 3431 1946 3514 aliquid

205 3526 413 3582 eontra
440 3517 837 3599 evangelium,
866 3528 933 3578 ut
961 3538 1140 3598 supra
1166 3528 1471 3578 ostensum
1512 3527 1619 3576 est.
1703 3514 1944 3580 Docent

1031 3618 1075 3657 o,
1106 3611 1140 3660 2

1647 3771 1681 3785 l
