2418 4172
402 371 508 424 DE
548 370 833 424 DIVINA
874 368 1678 424 PRAEDESTINATIONE.
1816 374 1921 431 409

183 512 559 597 pientissimo
588 512 706 574 Dei
736 512 985 573 consilio
1015 534 1119 594 per
1187 512 1481 594 rophetas,
1498 510 1808 572 Christum
1834 513 1922 595 ip-

184 616 339 669 sum,
374 606 555 676 atque
593 595 932 677 Apostolos,
965 596 1076 656 sub
1119 534 1319 655 &eteri
1364 615 1535 674 aeque
1584 603 1764 672 atque
1807 596 1921 654 sub

181 675 364 739 Novo
389 677 799 749 Testamento,
822 690 912 736 est
941 676 1282 758 praedicata,
1303 687 1365 736 et
1386 696 1683 735 sacrarum
1708 675 1922 735 deinde

181 759 488 822 literarum
515 758 919 820 monumentis
949 756 1407 817 commendata:
1451 757 1535 817 ita
1562 767 1625 815 et
1653 756 1830 816 hodie
1861 758 1919 818 in

181 840 455 903 Ecclesia
484 841 624 913 Dei,
651 840 748 900 cui
788 861 856 899 ea
895 838 1273 920 peculiariter
1308 849 1399 898 est
1435 837 1752 911 destinata,
1781 862 1918 901 cum

181 923 392 1008 spiritu
435 921 828 993 discretionis,
866 919 1138 1000 religiose
1181 931 1242 980 et
1284 931 1507 994 sancte,
1536 942 1646 981 suo
1689 921 1819 981 loco
1862 934 1923 983 et

180 1016 473 1088 tempore,
503 1004 683 1065 missa
710 1003 875 1063 omni
908 1002 1138 1063 curiosa
1175 1002 1401 1062 viarum
1449 1002 1719 1063 altissimi
1761 1025 1923 1064 scru-

68 1103 74 1108 “
179 1087 425 1159 tatione,
456 1097 549 1147 est
576 1084 982 1178 proponenda,
1012 1084 1190 1166 idque
1220 1083 1293 1144 ad
1327 1084 1684 1146 sanctissimi
1725 1086 1923 1168 pomi-

179 1169 274 1232 nis
320 1168 506 1231 divini
556 1169 828 1252 gloriam,
870 1180 931 1228 ct
976 1167 1245 1228 vividum
1289 1168 1498 1251 populi
1542 1167 1728 1250 ipsius
1772 1169 1923 1229 sola-

178 1251 351 1312 tium.

979 1333 1118 1394 XV.

264 1417 567 1481 Caeterum
619 1428 902 1478 aeternam
949 1428 1009 1476 et
1052 1417 1369 1497 gratuitam
1419 1417 1575 1477 hanc
1617 1417 1923 1479 electionis

181 1500 367 1561 nostri
423 1499 675 1581 gratiam
727 1521 800 1559 eo
850 1498 941 1558 vel
996 1499 1260 1559 maxime
1311 1499 1584 1574 illustrat,
1631 1500 1924 1581 nobisque

180 1581 567 1644 commendat
588 1582 897 1663 Scriptura
915 1581 1111 1654 Sacra,
1133 1580 1294 1660 quod
1318 1603 1492 1663 porro
1522 1593 1774 1642 testatur
1802 1605 1923 1643 non

179 1686 390 1726 omnes
430 1663 705 1724 homines
741 1685 868 1722 esse
902 1662 1141 1735 electOS,
1171 1662 1272 1722 sed
1299 1663 1589 1742 quosdam
1623 1686 1740 1723 non
1772 1665 1927 1725 elec-

178 1757 291 1821 tos,
317 1747 442 1807 sive
471 1746 531 1806 in
560 1756 781 1806 aeterna
799 1744 921 1805 Dei
951 1745 1241 1804 electione
1269 1745 1616 1825 praeteritos,
1637 1766 1788 1825 quos
1810 1747 1925 1807 sci-

179 1827 320 1891 licet
351 1827 523 1890 Deus
561 1849 636 1887 ex
675 1826 998 1900 liberrim0,
1017 1826 1375 1906 justissim0‚
1403 1827 1925 1908 irreprehensibili,

179 1923 242 1972 et
278 1910 639 1972 immutabili
682 1909 1058 1992 beneplacito
1087 1908 1348 1969 decrevit
1378 1910 1438 1969 in
1468 1911 1778 1970 communi
1814 1912 1926 1971 mi-

180 1993 350 2066 seria,
372 1994 432 2052 in
463 2014 646 2071 quam
672 2014 735 2051 se
757 2014 863 2051 sua
886 1992 1063 2072 culpa
1084 1991 1550 2072 proecipitarunt,
1571 1993 1924 2073 relinquere,

181 2098 295 2137 nec
337 2074 601 2136 salvifica
643 2073 762 2133 fide
800 2085 862 2133 et
898 2073 1298 2133 conversionis
1333 2074 1522 2153 gratia
1550 2075 1790 2148 donare,
1818 2077 1923 2136 sed

180 2157 244 2218 in
272 2157 382 2219 viis
410 2158 551 2228 suis,
578 2167 639 2216 et
666 2156 778 2216 sub
797 2154 965 2234 justo
983 2154 1216 2234 judicio
1245 2156 1498 2228 relictos,
1527 2156 1768 2216 tandem
1802 2180 1924 2219 non

181 2252 417 2302 tantum
449 2251 692 2321 propter
723 2237 1158 2310 infidelitatem,
1190 2237 1290 2297 sed
1322 2238 1502 2298 etiam
1541 2251 1758 2299 caetera
1794 2262 1926 2301 om-

70 2342 75 2348 ·
180 2324 282 2384 nia
308 2333 572 2404 peccata,
601 2321 673 2381 ad
705 2320 1169 2381 declarationem
1189 2319 1441 2399 justitiae
1473 2342 1592 2381 suae
1622 2321 1924 2395 damnare,

180 2417 242 2466 et
268 2416 557 2466 oeternum
591 2403 823 2485 punire.
891 2403 1095 2481 Atque
1126 2403 1240 2462 hoc
1261 2415 1352 2463 est
1379 2402 1683 2463 decretum
1713 2426 1926 2486 repro-

181 2487 460 2560 hanonie,
487 2485 649 2567 quod
687 2485 890 2545 Deum
938 2484 1286 2564 neutiquam
1334 2486 1562 2567 peccati
1608 2486 1922 2548 authorem

182 2569 370 2651 (quod
414 2567 679 2650 cogitatu
725 2567 1147 2649 blasphemum
1199 2571 1314 2645 est)
1368 2567 1469 2628 sed
1522 2569 1925 2644 tremendum,

180 2651 783 2734 irreprehensibilem,
816 2663 879 2711 et
911 2650 1149 2730 justum
1187 2649 1458 2730 judicem
1503 2672 1573 2710 ac
1623 2650 1921 2713 vindicem

181 2733 511 2796 constituit.

962 2815 1139 2877 XVI.

266 2898 388 2968 Qui
428 2898 626 2959 vivam
662 2898 723 2958 in
755 2897 1065 2959 Christum
1108 2898 1312 2970 fidem,
1342 2919 1446 2956 seu
1476 2908 1695 2957 certam
1729 2897 1924 2960 cordis

183 2981 489 3053 fiduciam,
533 3002 744 3062 pacem
787 2980 1185 3053 conscientioe,
1228 2978 1491 3054 studium
1539 2979 1736 3039 filialis
1782 2982 1924 3042 obe-

180 3063 442 3136 dientiae,
481 3056 897 3144 gloriationEm
952 3062 1013 3122 in
1058 3062 1196 3123 Deo
1244 3083 1350 3143 per
1393 3060 1703 3121 Christum
1751 3062 1811 3123 in
1860 3086 1924 3124 se

183 3145 454 3206 nondum
484 3143 801 3205 efficaciter
829 3145 1112 3218 sentiunt,
1143 3143 1356 3204 mediis
1394 3155 1615 3215 tamen,
1645 3166 1751 3226 per
1787 3166 1922 3225 quoe

184 3228 354 3289 Deus
384 3229 497 3288 ista
526 3249 588 3287 se
618 3227 677 3287 in
709 3226 881 3287 nobis
909 3243 1288 3308 operaturum
1328 3226 1622 3307 promisit,
1654 3239 1923 3303 utuntur,

185 3311 224 3371 ii
265 3310 338 3372 ad
378 3309 806 3391 reprobationis
847 3309 1214 3368 mentionem
1252 3330 1369 3367 non
1401 3309 1782 3383 consternari,
1810 3332 1923 3371 nec

185 3416 248 3454 se
277 3392 543 3475 reprobis
573 3412 902 3463 accensere,
931 3389 1032 3450 sed
1064 3390 1123 3450 in
1160 3412 1267 3450 usu
1299 3390 1632 3451 mediorum
1673 3390 1775 3451 dili
1821 3414 1925 3453 en-

184 3488 276 3537 ter
304 3497 567 3559 pergere,
598 3495 667 3534 ac
696 3473 904 3533 horam
935 3472 1220 3533 uberioris
1249 3471 1451 3553 gratiae
1474 3472 1745 3534 ardenter
1771 3414 1926 3536 desi-

184 3557 389 3619 derare
418 3568 479 3618 et
506 3567 839 3617 reverenter
870 3555 1295 3636 humiliterque
1333 3566 1649 3637 expectare
1686 3555 1926 3620 debent.

187 3640 391 3703 Multo
440 3651 640 3701 autem
685 3638 885 3699 minus
926 3637 1197 3700 doctrina
1238 3635 1315 3698 de
1354 3637 1768 3721 reprobatione
1810 3650 1926 3702 ter·
2019 3645 2028 3649 ’
