2418 4172
636 342 1503 398 HEIDELBERGENSIS.
1826 343 1929 406 801

285 495 419 546 114.
450 482 822 546 Possunt-ne
849 486 1031 547 etiam
1060 484 1174 555 illi,
1202 485 1309 568 qui
1335 484 1422 546 ad
1432 484 1637 545 Deum
1668 487 1934 547 conversi

191 574 353 640 aaut,
380 566 502 628 hcc
522 576 825 649 praecepta
845 568 1121 650 perfecte
1146 588 1392 629 servare
1408 568 1447 628 9

278 648 575 711 Minime:
604 650 829 711 Verum
859 651 1039 711 etiam
1070 649 1428 711 sanctissimi
1458 646 1700 740 quique,
1721 669 1933 728 quam-

192 729 300 793 diu
344 731 407 793 in
455 732 567 793 hac
599 732 720 792 vita
762 744 920 804 sunt,
951 732 1175 792 habent
1217 742 1454 792 tantum
1498 750 1716 809 exigua
1760 729 1930 790 initia

192 812 376 894 buJus
415 812 836 875 obedientioe¹z
880 813 966 874 sic
1009 823 1233 884 tamen,
1273 824 1338 872 ut
1377 811 1530 873 serio
1571 833 1640 871 ac
1686 833 1806 871 non
1851 812 1932 872 si-

193 896 426 958 mulato
473 894 690 967 studio,
725 916 846 954 non
899 893 1227 955 secundum
1279 893 1479 975 aliqua
1526 905 1782 964 tantum,
1827 894 1929 955 sed

191 976 524 1040 secundum
552 977 757 1038 omnia
784 975 902 1036 Dei
937 988 1238 1060 praecepta
1265 976 1462 1037 vivere
1488 975 1784 1059 incipiant
1799 987 1859 1035 ¹¹².

280 1069 415 1121 11⁶.
452 1058 581 1120 C'm·
604 1060 799 1142 {gitur
823 1058 956 1121 vult
984 1059 1165 1120 Deus
1203 1058 1398 1141 legem
1434 1080 1609 1119 suam
1645 1058 1795 1119 adeo
1832 1080 1930 1118 ex-

189 1148 328 1206 acte
362 1149 424 1204 et
457 1163 666 1204 severe
691 1142 1038 1222 praedicari,
1066 1164 1199 1204 cum
1226 1164 1395 1204 nemo
1421 1142 1503 1202 sit
1542 1142 1609 1202 in
1639 1141 1755 1205 hac
1780 1141 1930 1216 vita,

189 1224 300 1309 qui
325 1246 459 1320 eam
483 1246 731 1287 servare
748 1226 939 1306 possit
958 1225 990 1287 ἲ

275 1307 567 1382 Primum,
597 1319 666 1368 ut
707 1308 768 1367 in
812 1307 978 1368 omni
1009 1306 1130 1368 vita
1160 1307 1351 1389 magis
1382 1307 1689 1389 magisque
1718 1328 1931 1389 agnos-
2011 1289 2037 1318 ³⁵

191 1410 418 1464 eamus,
437 1402 662 1471 quanta
690 1390 766 1450 sit
795 1402 1020 1451 naturae
1049 1400 1264 1451 nostrae
1293 1389 1365 1450 ad
1397 1388 1767 1472 peccandum
1792 1411 1932 1472 pro-

192 1473 404 1555 pensio
420 1483 468 1547 ¹²,
494 1484 782 1554 tantoque
820 1471 1048 1534 avidius
1087 1472 1497 1533 remissionem
1528 1484 1933 1565 peccatorum,

190 1564 254 1617 et
268 1554 569 1635 ,iustitiam
606 1555 666 1616 in
697 1555 941 1616 Christo
978 1567 1331 1637 expetamus
1349 1566 1409 1616 ⁰:
1454 1553 1691 1628 deinde,
1720 1566 1788 1615 ut
1815 1554 1934 1618 hoc

187 1647 485 1721 perpetuo
527 1658 794 1719 agamus,
820 1636 970 1699 illud
1014 1658 1251 1729 semper
1279 1635 1659 1710 meditemur,
1695 1647 1758 1696 et
1798 1659 1933 1715 gra-

188 1718 338 1784 tiam
366 1718 625 1802 Spiritus
652 1719 858 1781 Sancti
888 1741 922 1780 a
950 1719 1123 1780 Patre
1152 1719 1562 1801 imploremus,
1591 1740 1712 1799 quo
1740 1717 1930 1778 indies

189 1801 383 1885 magis
411 1824 483 1863 ac
509 1801 702 1884 magis
731 1801 804 1863 ad
835 1801 1160 1882 imaginem
1192 1800 1310 1861 Dei
1343 1821 1714 1874 renovemur,
1742 1799 1934 1861 donec

190 1883 510 1967 aliquando
540 1884 807 1958 tandem,
835 1895 1152 1966 postquam
1194 1905 1268 1944 ex
1310 1883 1421 1944 bac
1451 1883 1573 1942 vita
1615 1881 1935 1943 decesseri-

191 1987 349 2041 mus,
382 1968 747 2050 propositam
799 1966 972 2027 nobis
1019 1964 1448 2049 perfectionem
1496 1965 1616 2026 laeti
1660 1988 1935 2047 assequa-

196 2070 334 2111 mur
349 2060 392 2110 Ρ.

886 2146 1237 2187 ...ἡ-

697 2282 821 2344 DE
862 2280 1230 2343 PRECATI
1237 2280 1435 2342 ONE.

281 2417 309 2466 l
322 2403 418 2466 16.
454 2403 670 2469 Quare
695 2403 1063 2464 Christianis
1090 2403 1434 2463 necessaria
1464 2409 1554 2462 est
1573 2402 1852 2482 precatio
1871 2401 1904 2463 ‚2

275 2487 438 2557 Quia
463 2486 765 2570 praecipua
794 2508 927 2568 pars
957 2500 1047 2546 est
1083 2485 1230 2565 ejus,
1258 2505 1438 2566 quam
1472 2484 1643 2544 Deus
1689 2506 1724 2543 a
1761 2483 1934 2543 nobis

190 2570 474 2652 postulat,
501 2568 960 2651 gratitudinisq:
1005 2579 1135 2628 tum
1166 2567 1308 2648 quia
1337 2567 1452 2627 illis
1481 2578 1717 2627 tantum
1763 2587 1932 2626 suam

192 2652 447 2733 gratiam
495 2663 558 2713 et
604 2651 895 2734 Spiritum
947 2650 1235 2712 Sanctum
1294 2650 1465 2709 Deus
1513 2649 1780 2731 largitur,
1829 2650 1932 2729 qui

192 2733 348 2795 veris
393 2734 716 2816 gemitibus
766 2734 896 2796 haec
937 2735 1014 2794 ab
1058 2755 1131 2794 eo
1174 2743 1410 2815 petunt,
1447 2742 1509 2792 et
1550 2754 1659 2813 pro
1701 2732 1771 2791 iis
1817 2731 1933 2813 ipsi

196 2815 415 2899 gratias
443 2827 680 2896 agunt‘.

288 2906 423 2972 117.
456 2897 608 2963 Quae
648 2898 734 2959 ad
772 2919 904 2959 eam
938 2898 1347 2979 precationem
1374 2896 1783 2975 requiruntur
1809 2916 1937 2976 quae

199 2980 341 3041 Deo
359 2980 626 3061 placeat,
654 3002 900 3076 qumque
926 2981 1003 3041 ab
1030 2982 1157 3062 ipso
1185 2978 1552 3040 exaudiatur
1569 2978 1600 3039 ἲ

281 3062 374 3124 Ut
419 3085 455 3124 a
503 3064 633 3124 solo
657 3085 797 3124 vero
835 3062 991 3137 Deo,
1028 3063 1130 3144 qui
1182 3084 1245 3122 se
1295 3062 1355 3120 in
1384 3061 1565 3120 verbo
1607 3080 1717 3118 suo
1760 3069 1931 3140 pate-

196 3144 394 3220 fecit',
422 3146 627 3207 omnia
665 3168 799 3227 quae
841 3168 876 3206 a
918 3167 981 3206 se
1023 3146 1143 3228 peti
1178 3143 1394 3223 jussitt
1421 3162 1560 3202 vero
1604 3140 1800 3201 cordis
1843 3141 1929 3202 af-

268 3329 280 3361 ¹
310 3346 328 3379 ι
353 3330 467 3378 Joh.
492 3327 524 3377 i.
544 3329 654 3392 8,9,
678 3345 751 3376 ιο.
788 3329 932 3377 Rom.
950 3328 1027 3377 vii.
1052 3344 1125 3390 14,
1149 3341 1221 3392 15.
1259 3328 1439 3376 Eccles.
1459 3327 1535 3375 vii.
1555 3343 1632 3375 20.
1736 3335 1772 3358 ¹¹¹
1794 3326 1939 3374 Rom.

200 3395 277 3445 vii.
306 3412 386 3454 22,
414 3412 493 3459 23.
549 3396 716 3445 Jacob.
741 3396 791 3444 ii.
819 3412 895 3451 ιο,
919 3411 991 3443 ιι.
1197 3405 1219 3426 ¹²
1251 3411 1267 3443 1
1290 3395 1403 3442 Joh.
1429 3396 1459 3441 i.
1482 3410 1530 3456 9.
1589 3392 1710 3442 Psal.
1735 3393 1870 3441 xxxii.
1889 3404 1937 3456 5.

197 3471 222 3495 ⁰
252 3465 398 3513 Rom.
422 3463 498 3512 vii.
526 3478 604 3524 24,
633 3479 711 3527 25.
870 3472 893 3503 Ρ
923 3478 940 3510 ι
960 3465 1070 3512 Cor.
1095 3461 1156 3511 ix.
1182 3477 1260 3522 24,
1290 3474 1367 3525 25.
1427 3460 1548 3508 Phil.
1574 3459 1640 3508 iii.
1665 3475 1738 3516 12,
1761 3476 1837 3521 13,
1861 3475 1937 3522 ¹4·

201 3536 228 3570 ¹¹
258 3530 384 3580 Psal.
407 3530 438 3580 1.
459 3545 533 3592 ι4.
671 3538 687 3560 '
721 3530 864 3578 Μαι.
886 3528 961 3577 vii.
984 3544 1028 3591 7,
1049 3529 1094 3577 8.
1153 3527 1270 3577 Luc.
1290 3527 1351 3576 xi.
1372 3544 1420 3592 9,
1444 3543 1520 3576 10.
1577 3528 1724 3576 Matt.
1744 3526 1839 3575 xiii.
1866 3542 1942 3575 12.

200 3597 327 3647 Pal.
349 3597 383 3646 l.
410 3611 486 3661 ι5.
670 3604 687 3626 ·
720 3597 831 3646 Joh.
854 3596 915 3644 iv.
943 3613 1022 3654 22,
1051 3611 1130 3658 23,
1158 3611 1237 3657 24.
1415 3597 1430 3624 ⁸
1465 3594 1610 3643 Rom.
1636 3593 1726 3643 viii.
1754 3594 1832 3653 26,
1861 3606 1943 3657 27.
2012 3646 2021 3650 ,

208 3680 228 3713 ι
256 3664 370 3714 Job.
393 3681 435 3713 v.
461 3679 535 3728 ¹5·
1684 3698 1688 3703 ,

1647 3730 1683 3744 l
