2418 4172
496 357 618 409 344>
1131 353 1620 409 CONFESSIO

502 498 565 558 in
609 497 680 558 iis
721 518 858 578 quae
901 495 1061 578 apud
1090 495 1295 557 Deum
1338 494 1568 578 agenda
1605 496 1803 559 forent
1844 498 1920 559 ad
1954 496 2253 582 expianda

499 591 748 663 peccata
790 579 1017 661 populi.
1102 578 1269 639 Nam
1319 600 1394 638 ex
1440 600 1514 638 eo
1555 578 1717 660 quod
1763 601 2075 662 perpessus
2117 580 2254 654 fuit,

502 684 688 745 quum
735 674 999 722 tentatus
1042 673 1152 734 est,
1181 672 1381 743 potest
1422 672 1483 721 et
1521 661 1593 722 iis
1639 661 1742 742 qui
1785 674 2093 724 tentantur
2118 685 2256 725 suc-

505 766 758 806 currere.
843 744 1135 805 Praeterea
1164 755 1231 803 ut
1260 745 1492 803 animos
1524 744 1697 804 nobis
1727 743 1925 819 addat,
1951 765 2076 826 quo
2109 765 2254 806 oon-

506 826 789 888 fidentius
820 826 893 887 ad
924 827 1088 887 hunc
1117 826 1469 886 Pontificem
1503 826 1878 901 accedamus,
1898 826 2063 888 addit
2090 825 2254 887 idem

506 909 855 992 Apostolus,
876 909 1196 970 Habentes
1216 908 1413 990 igitur
1433 908 1624 970 Ponti
1673 930 1797 970 cem
1826 930 2133 993 maguum,
2148 908 2258 992 qui

503 992 849 1073 penetravit
880 990 1075 1063 coelos,
1102 990 1319 1052 desum
1341 991 1568 1052 Elium
1666 993 1740 1066 εἰ,
1761 1001 2072 1054 teneamus
2098 991 2257 1053 hanc

500 1072 956 1157 prtffessionem.
1044 1071 1187 1133 Nan
1238 1074 1397 1133 enim
1442 1074 1726 1135 habemus
1759 1072 2109 1157 pontificem
2149 1075 2258 1157 que·

509 1179 627 1218 non
659 1156 853 1235 possit
891 1151 1060 1237 affici
1093 1176 1273 1215 sensu
1301 1153 1730 1250 infirmitatum
1755 1165 2123 1229 nostrarum,
2148 1156 2262 1218 sed

510 1246 809 1300 tentatum
838 1238 905 1297 in
933 1237 1204 1297 omnibus
1229 1237 1515 1297 simzliter
1535 1238 1643 1299 abs
1683 1259 1760 1299 ue
1776 1247 2046 1319 peccato,
2130 1239 2259 1300 Ac-

510 1322 790 1383 cedamus
830 1318 1029 1402 igitur
1066 1340 1200 1379 cum
1214 1317 1466 1400 fiducia
1494 1320 1580 1381 ad
1602 1261 1881 1382 tZromcm
1912 1321 2158 1404 gratio,
2185 1329 2259 1383 ut

509 1424 942 1485 consequamur
996 1401 1495 1477 misericordiam,
1546 1410 1605 1463 et
1655 1404 1932 1486 gratiam
1986 1403 2259 1466 invenia-

507 1509 661 1561 mus,
682 1486 766 1547 ad
784 1492 1185 1566 opportunum
1206 1484 1518 1546 amilium.
1592 1486 1764 1547 Idem
1794 1486 2124 1570 Apostolus
2154 1486 2259 1559 ait,

507 1571 642 1631 Nos
690 1569 911 1630 habere
955 1567 1297 1629 libertatem
1339 1568 1728 1650 ingrediendi
1765 1570 2108 1631 sacratim
2144 1590 2260 1651 per

505 1653 868 1735 sanguinem
895 1650 1072 1712 Jesu.
1156 1651 1538 1712 Accedamus
1558 1653 1756 1735 igitur
1776 1674 1911 1714 cum
1931 1660 2100 1714 certa
2112 1672 2256 1733 pet*-

507 1736 785 1797 suasione
801 1731 988 1816 fidei,
1017 1735 1128 1794 &c.
1217 1733 1396 1805 Item,
1426 1734 1704 1796 Christus
1747 1746 2107 1818 perpetuum
2146 1734 2255 1796 ha-

509 1820 614 1879 bet
668 1815 1063 1878 sacerdotium
1094 1839 1112 1876 2
1168 1814 1328 1876 unde
1375 1827 1437 1877 et
1481 1838 1713 1877 servare
1761 1829 1958 1900 potest
1998 1838 2122 1891 eos,
2147 1817 2253 1911 qui

506 1923 614 1984 per
643 1900 840 1982 ipsum
875 1898 1173 1959 accedunt
1190 1897 1275 1958 'ad
1303 1897 1532 1973 Deum,
1554 1921 1792 1981 semper
1817 1900 2044 1972 vivens,
2067 1911 2135 1961 ut
2162 1921 2256 1961 m-

506 1983 783 2065 terpellet
826 2004 936 2075 pro
977 1980 1082 2041 eis.
1169 1978 1332 2048 Quid
1378 1981 1652 2062 pluribus
1692 2003 1844 2063 opus
1886 1981 2020 2043 est?
2060 2004 2254 2063 quum

504 2066 781 2127 Christus
825 2085 954 2145 ipse
995 2062 1177 2135 dicat,
1212 2061 1352 2144 Ego
1392 2084 1526 2123 sum
1566 2063 1687 2133 via,
1721 2064 1971 2136 veritas,
2008 2071 2070 2125 et
2105 2065 2256 2127 vita.

509 2149 707 2210 Nemo
734 2147 900 2209 venit
929 2145 1013 2206 ad
1036 2145 1316 2219 Patrem,
1331 2146 1450 2206 nisi
1472 2167 1590 2226 per·
1614 2167 1711 2207 me
1732 2170 1754 2208 .-
1799 2168 1907 2208 cur
1933 2146 2118 2208 alium
2148 2168 2258 2208 no-

508 2231 602 2293 bis
632 2229 989 2291 advocatum
1020 2227 1398 2310 quaeremus?
1443 2228 1738 2298 Quinimo
1759 2251 1949 2311 quum
1972 2228 2112 2291 Deo
2139 2229 2255 2313 ipsi

506 2313 800 2397 placuerit
848 2311 1158 2394 proprium
1203 2311 1376 2372 nobis
1421 2311 1643 2373 Filium
1691 2311 2049 2374 advocatum
2095 2312 2257 2388 dare,

507 2418 628 2457 non
658 2407 752 2456 est
778 2394 941 2476 quod
971 2416 1044 2454 eo
1072 2393 1361 2454 derelicto
1390 2395 1573 2455 alium
1605 2416 1964 2476 quaeramus,
1990 2416 2068 2456 ne
2101 2395 2256 2457 forte

510 2500 747 2561 semper
781 2475 1103 2559 quoerendo
1133 2498 1440 2556 nunquam
1473 2498 1843 2620 quemssuam
1876 2477 2060 2538 alium
2092 2478 2257 2540 inve-

506 2562 763 2622 niamus.
815 2560 1056 2620 Sciebat
1076 2558 1238 2619 enim
1267 2558 1427 2619 haud
1450 2559 1632 2620 dubie
1719 2581 1845 2631 eus,
1865 2580 2054 2641 quum
2080 2559 2253 2630 inum

508 2643 683 2706 nobis
704 2642 889 2715 daret,
917 2663 1026 2702 nos
1055 2663 1183 2702 esse
1213 2641 1459 2702 miseros
1485 2653 1840 2723 peccatores.
1914 2643 2055 2711 Quo
2076 2643 2167 2715 fit,
2186 2655 2258 2705 ut

496 2726 676 2807 juxta
700 2723 1052 2786 mandatum
1077 2722 1262 2806 ipsius
1286 2723 1531 2796 Christi,
1555 2725 1789 2786 Patrem
1814 2724 2125 2786 coelestcm
2149 2745 2256 2808 per

508 2830 647 2870 eum
691 2809 890 2891 ipsum
935 2806 1152 2868 Jesum
1197 2806 1507 2868 Christum
1557 2808 1804 2869 unicum
1851 2805 2253 2870 Mediator-em

507 2903 779 2954 nostrum
807 2889 1101 2951 duntaxat
1131 2890 1499 2964 invocemus,
1526 2889 2038 2972 quemadmodum
2067 2891 2252 2953 etiam

512 2976 575 3036 in
618 2973 887 3035 oratione
913 2972 1239 3034 Dominica
1278 2971 1532 3055 ipsemet
1569 2995 1677 3034 nos
1718 2973 1944 3035 docuit.
2028 2972 2254 3035 Sumus

508 3058 670 3119 enim
703 3056 848 3119 certi
880 3078 988 3117 nos
1018 3077 1089 3117 ea
1114 3056 1317 3117 omnia
1338 3068 1831 3138 consequuturos,
1850 3076 1988 3138 quae
2017 3077 2053 3118 a
2079 3056 2256 3120 Patre

510 3142 570 3203 in
603 3140 850 3202 nomine
879 3138 1067 3221 ipsius
1095 3139 1464 3221 petierimus.

589 3222 866 3285 xxvn.
909 3220 1229 3283 Credimus
1270 3234 1332 3283 et
1373 3224 1736 3286 confitemur
1778 3224 2013 3293 unicam
2044 3222 2255 3286 Eccle-

508 3307 657 3368 siam
710 3304 1069 3367 catholicam
1117 3327 1222 3367 seu
1274 3305 1691 3368 universalem.
1777 3309 1932 3377 Quae
1978 3320 2074 3369 est
2114 3321 2252 3366 vm

508 3387 895 3472 congregatio
924 3409 1028 3449 seu
1058 3401 1255 3449 coetus
1282 3389 1558 3450 omnium
1584 3388 1851 3452 fidelium
1882 3387 2251 3451 Christiano·

511 3494 662 3542 rum,
694 3472 799 3552 qui
837 3483 1025 3532 totam
1067 3492 1235 3532 suam
1277 3472 1532 3533 salutem
1569 3473 1646 3533 ab
1682 3495 1803 3534 uno
1828 3471 1979 3535 Jesu
2006 3468 2251 3531 Christo

509 3564 847 3694 expectant,
889 3565 1184 3634 quatenus
1234 3554 1508 3615 videlicet
1552 3555 1737 3637 ipsius
1778 3551 2069 3646 sanguine
2111 3564 2251 3645 sunt

512 3635 586 3695 ab
612 3636 718 3708 uti,
745 3648 806 3695 et
835 3657 940 3717 per
968 3636 1258 3717 Spiritum
1291 3637 1419 3715 ejus
1442 3637 1793 3697 sanctificati
1834 3647 2014 3714 atque
2050 3634 2251 3717 obsig-
