2418 4172
787 418 1265 473 SAXONICA.
1796 420 1903 476 277

0 614 5 629 ,
153 560 282 622 hac
308 559 640 642 pertinent3
668 559 882 624 docere
911 559 1331 657 Evangelium,
1360 557 1773 619 administrare
1803 584 1896 621 sa-

0 651 9 724 g
149 654 473 716 eramenta,
503 664 712 703 vocem
757 643 1147 704 absolutionis
1186 640 1491 735 impertire
1530 640 1896 733 petentibus,

148 724 256 805 qui
294 746 412 785 non
458 737 835 808 perseverant
877 725 936 785 in
983 723 1315 784 manifestis
1343 722 1598 795 delictis,
1625 722 1896 783 ordinare

149 806 454 868 ministros
483 806 794 887 Evangelii
825 807 937 866 rite
966 816 1204 865 vocatos
1233 815 1295 864 et
1329 804 1704 886 exploratos;
1734 826 1899 865 exer-

36 940 53 954 ,
149 910 284 950 cere
315 888 545 969 judicia
575 887 860 948 Ecclesiae
903 886 1174 967 legitimo
1204 885 1386 946 modo
1422 885 1498 946 de
1538 886 1609 946 iis
1637 887 1741 967 qui
1773 909 1899 948 ma-

148 970 501 1031 nifestorum
549 970 867 1030 criminum
918 970 977 1029 in
1032 969 1299 1029 moribus
1350 980 1454 1030 aut
1502 967 1771 1029 doctrina
1815 972 1897 1031 rei

143 1063 308 1127 ⁴suut,
334 1062 632 1137 etocontra
660 1064 1045 1114 contumaces
1085 1051 1441 1112 sententiam
1484 1053 1899 1113 excommuni-

148 1134 400 1197 cationis
428 1134 599 1204 ferre,
627 1147 691 1196 et
726 1157 1040 1196 conversos
1075 1156 1277 1195 rursus
1317 1134 1621 1195 absolvere
1650 1147 1711 1196 et
1749 1136 1899 1195 reci-

148 1239 307 1302 pere.
394 1218 550 1280 Hoec
590 1230 660 1279 ut
687 1218 799 1279 rite
828 1220 996 1292 fiant,
1024 1218 1202 1278 etiam
1237 1217 1587 1278 consistoria
1617 1217 1680 1278 in
1710 1218 1898 1279 eccle-

150 1300 254 1363 siis
280 1301 495 1362 nostris
522 1301 846 1363 constituta
875 1312 1032 1361 sunt.

233 1382 521 1446 Diximus
558 1395 759 1444 autem
805 1383 865 1443 in
909 1382 1307 1466 descriptione
1342 1381 1646 1458 Ecclesiae,
1675 1382 1897 1444 multos

154 1465 213 1526 in
259 1465 374 1527 bac
401 1465 619 1527 visibili
651 1465 919 1547 Ecclesia
948 1487 1076 1526 esse
1108 1488 1227 1526 non
1275 1476 1530 1539 sanctos,
1558 1465 1662 1546 qui
1693 1476 1897 1527 tamen

151 1558 396 1610 externa
424 1549 790 1631 professione
819 1570 1019 1609 veram
1054 1548 1387 1609 doctrinam
1427 1548 1898 1630 amplectuntur:

152 1630 295 1711 quia
322 1630 673 1692 Donatistas
717 1630 1149 1713 improbamus,
1189 1630 1294 1710 qui
1339 1632 1662 1704 finxerunt,
1691 1630 1900 1690 minis-

151 1711 367 1774 terium
410 1734 616 1778 eorum
648 1712 751 1792 qui
793 1734 912 1772 non
952 1724 1092 1772 sunt
1121 1712 1331 1784 sancti,
1358 1733 1478 1771 non
1509 1733 1638 1771 esse
1667 1711 1897 1772 efficax.

150 1792 577 1876 Improbamus
620 1806 681 1854 et
720 1794 1037 1854 colluviem
1076 1793 1595 1875 anabaptistieam,
1625 1815 1759 1873 quae
1789 1795 1902 1854 fin-

150 1875 243 1937 xit
272 1874 606 1939 Ecclesiam
638 1876 959 1949 visibilem‚
998 1876 1063 1936 in
1106 1898 1228 1956 qua
1268 1897 1480 1935 omnes
1527 1875 1648 1935 sint
1692 1876 1899 1937 sancti.

148 1958 244 2020 Ac
284 1958 563 2032 fatemur,
588 1958 664 2019 de
692 1958 967 2020 Ecclesia
994 1958 1214 2019 visibili
1244 1959 1307 2018 in
1337 1958 1450 2018 hac
1479 1958 1602 2018 vita
1639 1959 1901 2019 sentien-

150 2039 300 2102 dum
342 2056 492 2115 esse,
520 2042 677 2103 sicut
709 2042 908 2122 inquit
934 2041 1240 2102 Dominus
1271 2040 1499 2101 Matth.
1529 2041 1654 2102 xiii.
1687 2041 1902 2103 Simile

154 2131 247 2184 est
292 2145 549 2207 regnum
594 2123 878 2185 eoelorum
927 2145 1164 2206 sagenas
1207 2124 1401 2184 missae
1443 2124 1507 2184 in
1549 2145 1737 2198 mare,
1779 2147 1903 2207 qua

155 2205 295 2267 boni
322 2215 383 2268 et
418 2206 570 2268 mali
603 2207 799 2287 pisces
828 2205 1221 2289 colliguntur.
1306 2205 1423 2265 Sed
1469 2217 1671 2266 tamen
1703 2208 1764 2267 bi
1795 2209 1901 2288 qui

155 2290 311 2350 fiunt
355 2289 556 2351 hostes
592 2311 743 2350 verae
793 2288 1097 2363 doetrinoe,
1132 2288 1414 2349 desinunt
1458 2311 1586 2349 esse
1630 2291 1902 2351 membra

155 2370 334 2451 hujus
360 2372 610 2432 visibilis
639 2394 751 2433 con
937 2372 1136 2444 tionis,
1155 2372 1334 2450 juxta
1374 2370 1491 2431 hoc
1518 2371 1787 2432 dictum:
1833 2372 1904 2433 Si

153 2454 292 2537 quis
318 2454 496 2517 aliud
520 2477 752 2538 evange
777 2456 903 2516 ium
933 2456 1119 2525 docet,
1148 2453 1476 2515 anathema
1503 2455 1602 2515 sit.

727 2619 1330 2663 ψ

626 2759 814 2821 XIII.
860 2761 964 2822 De
993 2760 1428 2822 Sam-amenti&

160 2859 756 2938 DISCERNUNT
796 2875 1133 2937 Ecclesiam
1178 2899 1213 2936 a
1255 2875 1485 2936 caeteris
1523 2874 1803 2956 gentibus
1841 2887 1904 2936 et

158 2957 308 3018 ritus
336 2955 582 3037 quidam
611 2957 896 3020 divinitus
924 2958 1203 3033 instituti,
1230 2959 1333 3039 qui
1364 2958 1754 3018 nominantur
1781 2958 1903 3018 usi-

159 3052 283 3100 tate
325 3051 727 3101 sacramenta:
768 3052 842 3122 ut
879 3041 1252 3124 Baptismus,
1294 3053 1356 3101 et
1384 3041 1582 3101 Coena
1609 3039 1901 3101 Domini:

159 3144 294 3203 quae
322 3132 526 3182 tamen
571 3144 689 3183 non
721 3135 862 3184 sunt
888 3135 1125 3185 tantum
1165 3125 1335 3206 signa
1371 3122 1772 3206 professionis,
1799 3122 1904 3183 sed

162 3205 354 3265 multo
384 3204 576 3286 magis
608 3207 705 3282 (ut
732 3217 998 3268 vetustas
1019 3207 1196 3286 dixit)
1228 3208 1397 3288 signa
1422 3206 1660 3289 gratiae:
1705 3204 1766 3264 id
1795 3216 1904 3280 est,

32 3348 46 3359 ,
158 3299 299 3348 sunt
320 3287 673 3348 ceremoniae
696 3288 911 3350 additae
932 3290 1313 3373 promissioni
1338 3289 1650 3369 Evangelii
1673 3287 1749 3348 de
1771 3310 1908 3370 gra-

157 3368 261 3445 tia,
292 3370 352 3430 id
382 3381 491 3443 est,
518 3369 595 3431 de
632 3371 889 3452 gratuita
925 3372 1271 3432 remissione
1304 3383 1710 3453 peccatorum,
1738 3382 1801 3432 et
1827 3370 1903 3432 de

27 3461 60 3505 f.»
157 3452 658 3527 reconciliatione,
703 3466 764 3514 et
812 3452 889 3513 de
937 3465 1066 3514 toto
1114 3453 1407 3514 beneficio
1454 3453 1905 3537 redemptionis,

36 3548 38 3550 ’
158 3556 297 3617 quae
341 3535 425 3596 ita
468 3536 739 3596 instituta
778 3548 936 3609 sunt,
967 3548 1034 3596 ut
1074 3535 1290 3619 singuli
1322 3536 1406 3596 eis
1442 3548 1718 3598 utantur:
1761 3537 1904 3619 quia

161 3629 299 3679 sunt
338 3618 588 3701 pignora
628 3632 690 3679 et
730 3618 1093 3692 testimonia,
1119 3641 1254 3701 quae
1295 3618 1638 3695 ostendunt,
1667 3619 1740 3680 ad
1783 3619 1905 3680 sin-

34 3755 57 3800 12-
163 3700 332 3782 gulos
387 3702 682 3782 pertinere
737 3702 1029 3764 beneficia
1084 3701 1144 3763 in
1202 3701 1534 3784 Evangelio
1590 3702 1899 3786 promissa.

30 3796 65 3870 ᾖ
977 3804 1017 3844 τ
1043 3794 1080 3843 3

31 3875 75 3900 Ἴ..

31 3900 67 3946 3¹,

23 3947 99 4172 ἰ
