2418 4172
610 377 1488 433 HEIDELBERGENSIS.
1811 382 1913 435 881

178 518 529 600 missionem
568 522 844 583 omnium
887 533 1223 582 nostrorum
1255 530 1640 603 peccatorum
1682 519 1919 595 habere,

176 613 422 686 propter
448 603 696 665 unicum
727 603 874 665 illud
903 603 1128 665 Christi
1159 602 1542 675 sacrificium,
1570 600 1735 681 quod
1766 603 1918 684 ipse·

176 696 306 746 met
345 686 532 748 semel
576 686 639 746 in
682 708 862 747 cruce
905 707 1048 768 pere
1092 685 1216 745 ’με
1257 696 1390 746 tum
1433 683 1615 745 etiam
1662 704 1769 742 nos
1814 707 1920 765 per

175 765 470 850 Spiritum
509 768 799 828 Sanctum
845 766 1021 827 inseri
1108 765 1294 826 bristo
1310 777 1356 839 ⁰,
1397 765 1502 846 qui
1534 764 1663 844 jam
1710 787 1920 826 secun-

173 848 323 911 dum
354 861 627 911 naturam
658 870 828 909 suam
867 849 1197 908 humanam
1236 857 1474 908 tantum
1515 847 1577 907 in
1619 847 1790 908 coelis
1827 860 1919 908 est

174 930 248 992 ad
277 930 550 993 dextram
581 930 769 991 Patris
789 941 835 1003 ¹³,
866 929 1071 1010 ibique
1098 929 1229 990 vult
1257 951 1292 989 a
1319 929 1493 990 nobis
1524 928 1752 990 adorari
1771 942 1816 989 q.

255 1012 335 1074 In
361 1012 543 1074 missa
573 1023 773 1073 autem
805 1025 1075 1094 negatur,
1102 1012 1269 1073 vivos
1308 1023 1370 1073 et
1401 1022 1667 1073 mortuos
1699 1011 1917 1073 habere

169 1093 585 1159 mmissionem
643 1107 1025 1189 peecatorum
1083 1106 1328 1178 propter
1390 1095 1631 1156 unicam
1689 1094 1914 1156 Christi

170 1177 533 1258 passionem,
561 1177 675 1238 nisi
703 1178 1036 1239 etiamnum
1078 1177 1348 1258 quotidie
1376 1177 1652 1238 Christus
1681 1199 1792 1260 pro
1828 1178 1918 1260 ip-

171 1259 256 1322 sis
281 1282 320 1322 a
345 1260 693 1322 sacrificulis
720 1261 1021 1322 offeratur:
1054 1270 1188 1320 tum
1217 1260 1398 1320 etiam
1429 1259 1693 1335 docetur,
1710 1260 1918 1321 Chris-

171 1352 305 1404 tum
348 1343 734 1438 corporaliter
774 1345 887 1403 sub
929 1342 1240 1425 speciebus
1284 1342 1453 1426 panis
1498 1354 1560 1403 et
1600 1342 1725 1403 vini
1768 1365 1915 1417 esse,

171 1424 431 1507 ideoque
458 1447 520 1487 in
550 1426 668 1486 illis
698 1425 1066 1486 adorandum
1097 1447 1226 1486 esse
1243 1437 1283 1485 ’.
1367 1426 1572 1506 Atque
1601 1425 1685 1485 ita
1713 1425 1914 1508 ipsum

173 1507 376 1569 missae
410 1506 871 1569 fundamentum
917 1508 1066 1569 nihil
1107 1506 1268 1568 aliud
1307 1519 1417 1582 est,
1444 1530 1625 1589 quam
1658 1509 1916 1591 abnegas

171 1589 262 1652 tio
298 1590 459 1652 unici
498 1590 658 1652 illius
687 1590 959 1651 sacrificii
989 1602 1050 1650 et
1079 1590 1371 1673 passionis
1397 1591 1548 1651 Jesu
1576 1589 1825 1663 Christi,
1853 1601 1915 1652 et

170 1671 504 1734 execranda
531 1672 883 1733 idololatria.

253 1764 353 1816 81.
398 1753 636 1819 meus
662 1753 1063 1815 accedendum
1093 1761 1184 1813 est
1210 1753 1296 1813 ad
1319 1774 1584 1813 mensam
1604 1752 1916 1813 Domini?

250 1835 517 1898 Tantum
549 1836 642 1910 iis,
659 1836 763 1917 qui
781 1857 918 1897 vere
945 1835 1151 1895 dolent
1179 1857 1243 1894 se
1271 1834 1393 1894 suis
1424 1834 1684 1917 peccatis
1704 1834 1910 1895 Deum

169 1916 519 1989 offendisse3
561 1918 877 1980 confidunt
918 1929 1119 1979 autem
1163 1917 1277 1977 sibi
1319 1940 1391 1978 ea
1434 1928 1679 1999 propter
1705 1917 1914 1979 Chris-

169 2010 303 2061 tum
342 2000 591 2061 remissa
615 2022 764 2075 esse,
791 2012 853 2061 et
879 2022 1028 2081 quas
1056 2000 1314 2079 reliquas
1345 1999 1571 2060 habent
1597 2000 1927 2073 infirmita-f

170 2091 282 2157 tes,
307 2103 408 2144 eas
449 2082 725 2166 passione
766 2093 829 2143 et
869 2093 1062 2142 morte
1104 2081 1264 2142 illius
1302 2083 1572 2142 obtectas
1609 2104 1757 2157 esse,
1786 2105 1913 2143 ma-

171 2164 383 2248 gisque
432 2187 502 2226 ac
550 2165 742 2248 magis
789 2163 1127 2225 desiderant
1175 2163 1237 2223 in
1289 2163 1408 2224 fide
1455 2174 1517 2224 et
1569 2164 1911 2247 integritate

170 2246 310 2308 vitoe
353 2248 675 2331 proficere:
718 2247 1047 2341 hypocritae
1088 2257 1311 2320 autem,
1353 2257 1416 2306 et
1461 2246 1564 2326 qui
1609 2268 1732 2307 non
1773 2269 1910 2308 vere

170 2329 545 2414 resipiscunt,
572 2328 1020 2391 damnationem
1051 2329 1164 2389 sibi
1193 2327 1383 2389 edunt
1409 2339 1471 2389 et
1500 2329 1719 2390 bibunt
1736 2339 1772 2390 ⁸.

255 2421 356 2473 82.
399 2411 663 2475 Sunt-ne
711 2412 811 2474 illi
861 2413 1045 2474 etiam
1086 2411 1172 2472 ad
1215 2410 1373 2472 hanc
1421 2431 1650 2473 coenam
1690 2411 1909 2473 adnuit-

170 2493 357 2569 temls’,
382 2495 491 2578 qui
526 2485 896 2579 confessione
934 2504 994 2557 et
1026 2495 1156 2559 vita
1181 2515 1249 2555 se
1283 2491 1561 2580 irfideles
1597 2502 1659 2555 et
1692 2494 1910 2576 impios

172 2597 302 2639 esse
327 2577 647 2640 declarant
668 2580 707 2638 Ρ

251 2658 687 2743 Nequaquam:
727 2659 893 2722 Nam
924 2681 997 2720 eo
1033 2669 1212 2742 pacto
1246 2657 1447 2720 foedus
1477 2658 1598 2720 Dei
1632 2659 1908 2742 profana-

170 2750 290 2814 tur,
328 2753 394 2803 et
438 2743 524 2804 ira
569 2742 690 2805 Dei
732 2743 795 2803 in
844 2744 1187 2805 universum
1232 2752 1461 2803 coetum
1506 2743 1907 2804 concitatur‘:

171 2823 449 2904 quocirca
479 2824 769 2897 Ecclesia,
806 2847 881 2887 ex
922 2825 1269 2908 praescripto
1297 2824 1524 2885 Christi
1566 2836 1629 2885 et
1670 2835 1908 2907 aposto-

172 2904 369 2967 lorum
411 2906 675 2968 clavibus
716 2909 883 2990 regni
925 2909 1215 2969 coelorum
1260 2919 1456 2982 utens»,
1501 2907 1610 2967 hos
1652 2930 1687 2967 a
1731 2929 1908 2968 coena

173 3008 372 3082 amere
423 2987 621 3064 debet,
670 2990 868 3071 quoad
925 2990 1296 3074 resipuerint,
1343 3001 1406 3051 et
1461 3010 1656 3050 mores
1713 3001 1907 3051 muta-

172 3083 383 3132 verint.
794 3082 822 3106 N

237 3204 262 3228 ¹⁸
296 3194 517 3244 nebaii.
544 3195 622 3252 26,
642 3210 719 3259 27.
742 3206 792 3244 et
814 3194 872 3243 ix.
897 3211 971 3252 12,
989 3197 1200 3259 25-28,
1223 3206 1275 3244 et
1295 3212 1340 3243 x.
1364 3211 1438 3251 10,
1463 3211 1540 3251 12,
1562 3210 1637 3256 13,
1665 3210 1739 3255 14.
1790 3195 1902 3244 Job.

172 3260 262 3310 xix.
286 3277 368 3325 30.
425 3263 570 3311 Mau.
587 3261 706 3311 xxvi.
726 3262 804 3311 28.
859 3261 977 3311 Luc.
997 3261 1106 3310 xxii.
1132 3278 1207 3326 19,
1232 3278 1310 3310 20.
1445 3269 1468 3291 ⁰
1497 3278 1514 3309 1
1540 3263 1651 3309 001.
1677 3260 1734 3308 vi.
1757 3275 1831 3323 17.
1855 3272 1906 3311 et

171 3345 217 3377 x.
244 3330 319 3386 16,
342 3342 416 3391 17.
440 3339 490 3377 et
511 3328 590 3376 xii.
613 3343 688 3390 ¹3·
857 3338 880 3370 Ρ
916 3329 1043 3377 Heb.
1070 3328 1100 3376 i.
1126 3343 1171 3390 3.
1198 3339 1248 3377 et
1272 3327 1363 3376 viii.
1388 3344 1426 3383 1,
1452 3344 1494 3376 2.
1653 3336 1675 3368 ‘²
1708 3328 1821 3375 Joh.
1844 3328 1903 3378 iv.

174 3411 389 3457 21—24.
413 3407 462 3443 et
485 3412 558 3443 xx.
590 3410 661 3458 ¹7·
717 3394 837 3443 Luc.
861 3394 979 3443 xxiv.
1007 3408 1088 3458 5²·
1112 3409 1191 3458 53.
1245 3396 1351 3443 Aet.
1377 3394 1451 3442 vii.
1477 3408 1556 3458 55,
1582 3393 1663 3457 56.
1721 3394 1902 3444 Coloss.

172 3461 236 3511 iii.
269 3478 308 3511 1.
364 3462 484 3511 Phil.
510 3461 573 3510 iii.
602 3478 681 3517 20,
709 3477 784 3510 21.
850 3477 867 3510 1
897 3462 1062 3510 Thess.
1090 3461 1118 3509 i.
1144 3477 1193 3525 9,
1227 3476 1301 3510 10.
1451 3468 1467 3491 ¹
1503 3463 1561 3509 1n
1584 3463 1702 3510 Can.
1726 3461 1902 3511 Missa.

172 3530 297 3579 Item
319 3529 380 3579 de
402 3528 787 3584 Consecutione,
810 3527 1019 3578 distinet.
1048 3543 1091 3576 2.
1240 3534 1259 3557 ⁸
1290 3544 1307 3576 1
1338 3529 1448 3576 Cor.
1472 3544 1516 3575 x.
1539 3542 1748 3591 19-22.
1771 3539 1822 3578 et
1842 3528 1902 3577 xi.

176 3598 257 3654 28,
283 3611 360 3661 29.
519 3598 534 3626 ⁸
567 3613 585 3646 1
615 3598 723 3644 Cor.
747 3594 807 3643 xi.
835 3611 914 3653 20,
939 3610 1020 3658 34.
1089 3594 1181 3643 Ιει.
1205 3593 1236 3643 ἰ.
1260 3609 1469 3658 11—15.
1491 3606 1543 3645 et
1564 3593 1668 3644 lxvi.
1694 3610 1742 3658 3.
1803 3596 1901 3645 Jer.

172 3661 251 3711 vii.
276 3679 356 3723 21,
376 3679 455 3722 22,
479 3678 557 3725 23.
627 3662 749 3712 Psal.
773 3661 805 3710 l.
829 3679 858 3712 a
883 3675 956 3725 15.
975 3662 1037 3711 ad
1059 3661 1140 3709 fin.

1626 3771 1661 3785 l
1741 3778 1751 3783 -
