2418 4172
545 368 1092 427 AUGUSTANA
1142 369 1512 425 MDxxxl.
1800 372 1907 429 187

163 513 455 578 monium.
538 512 706 574 Nam
757 511 1110 576 mandatum
1160 510 1302 585 Dei,
1344 521 1406 571 et
1459 510 1900 577 ordinationem

158 596 300 670 Dei,
330 596 497 657 nulla
526 596 626 657 lex
655 595 940 669 humana,
961 593 1197 654 nullum
1224 605 1430 652 votum
1456 593 1663 654 tollere
1685 607 1903 677 potest.

156 677 260 742 Ex
302 677 397 739 his
439 678 635 741 causis
673 676 898 738 decent
940 674 1275 737 sacerdotes
1319 674 1432 734 sibi
1476 676 1653 736 licere
1688 698 1902 738 uxores

159 759 398 823 ducere.
485 761 742 821 Constat
790 760 994 831 etiam,
1036 759 1100 818 in
1159 757 1414 817 ecclesia
1473 758 1652 818 veteri
1712 781 1904 820 sacer-

157 842 328 905 dotes
349 843 534 904 fuisse
557 841 817 903 maritos.
902 841 1067 902 Nam
1090 852 1151 900 et
1174 840 1397 900 Paulus
1428 840 1529 914 ait,
1550 841 1903 923 episcopum

156 924 502 1009 eligendum
547 946 695 998 esse,
722 925 826 1005 qui
872 924 951 984 sit
994 921 1262 984 maritus.
1347 921 1430 982 Et
1473 923 1535 983 in
1577 923 1905 985 Germania

154 1007 444 1093 primum,
489 1019 629 1069 ante
687 1029 876 1067 annos
932 1005 1419 1087 quadringentos,
1465 1005 1799 1067 sacerdotes
1842 1008 1900 1067 vi

156 1091 350 1154 eoacti
389 1101 531 1152 sunt
569 1089 644 1151 ad
684 1090 1061 1162 coelibatum,
1091 1089 1194 1169 qui
1236 1087 1483 1170 quidem
1521 1088 1670 1149 adeo
1699 1089 1905 1150 adver-

156 1173 269 1236 uti
311 1185 471 1247 sunt,
499 1185 569 1234 ut
605 1172 1090 1256 archiepiscopus
1123 1171 1524 1252 Moguntinus
1563 1172 1905 1254 publicatu-

155 1275 258 1317 rus
293 1255 559 1318 edictum
595 1256 774 1317 Rom.
804 1255 1107 1336 pontificis
1136 1254 1211 1314 de
1241 1276 1311 1314 ea
1339 1275 1421 1327 re,
1449 1276 1604 1336 pene
1633 1256 1709 1315 ab
1739 1255 1903 1316 iratis

155 1337 561 1400 sacerdotibus
604 1360 711 1421 per
751 1338 1084 1398 tumultum
1135 1359 1454 1419 oppressus
1500 1337 1595 1398 sit.
1678 1337 1762 1398 Et
1811 1360 1903 1398 res

155 1431 326 1504 gesta
360 1432 453 1482 est
490 1433 617 1482 tam
659 1420 994 1494 inciviliter,
1020 1431 1091 1480 ut
1122 1442 1241 1479 non
1274 1420 1468 1479 solum
1502 1418 1562 1480 in
1590 1431 1901 1513 posterum

156 1502 438 1586 conjugia
477 1503 954 1585 prohiberentur,
984 1501 1086 1562 sed
1117 1502 1297 1562 etiam
1330 1515 1664 1583 praesentia,
1695 1515 1905 1564 contra

153 1585 359 1646 omnia
396 1584 539 1664 jura
586 1584 787 1645 divina
836 1597 899 1645 et
950 1584 1236 1656 humana,
1265 1596 1473 1645 contra
1516 1584 1674 1666 ipsos
1717 1585 1902 1644 etiam

154 1688 412 1728 canones
440 1666 648 1736 factos,
678 1688 801 1726 non
831 1666 1026 1726 solum
1059 1688 1094 1725 a
1123 1665 1532 1746 pontificibus,
1565 1665 1669 1725 sed
1709 1688 1743 1726 a
1777 1666 1905 1727 lau-

151 1747 478 1811 datissimis
507 1747 772 1830 synodis,
797 1747 1288 1808 distraherentur.

233 1829 320 1892 Et
361 1852 506 1892 cum
550 1842 897 1891 senescente
939 1829 1190 1902 mund0,
1219 1829 1509 1911 paulatim
1549 1840 1760 1890 natura
1792 1829 1906 1890 hu-

72 1965 88 1982 .
153 1934 335 1976 mana
370 1915 479 1974 fiat
516 1913 892 1987 imbecillior,
921 1913 1202 1973 convenit
1238 1912 1597 1995 prospicere,
1625 1934 1703 1971 ne
1729 1912 1904 1994 plura

152 1994 300 2057 vitia
339 2008 580 2078 serpant
621 1997 685 2055 in
722 1995 1132 2056 Germaniam.
1220 1996 1401 2055 Porro
1430 1994 1600 2055 Deus
1640 1995 1904 2056 instituit

154 2078 529 2161 eonjugium,
556 2090 624 2139 ut
651 2090 808 2139 esset
834 2078 1166 2139 remedium
1200 2077 1482 2138 humanae
1517 2076 1904 2139 infirmitatis.

155 2160 281 2244 Ipsi
301 2182 561 2221 canones
582 2172 841 2221 veterem
868 2161 1123 2240 rigorem
1150 2158 1453 2219 interdum
1477 2160 1903 2241 posterioribus

153 2243 527 2328 temporibus
561 2255 805 2326 propter
841 2243 1316 2303 imbecillitatem
1350 2242 1663 2303 hominum
1696 2242 1905 2302 laxan-

152 2325 300 2389 dum
338 2347 468 2387 esse
505 2325 755 2400 ducunt,
784 2326 947 2406 quod
989 2324 1322 2407 optandum
1365 2337 1474 2398 est,
1503 2335 1571 2386 ut
1611 2327 1716 2385 fiat
1750 2325 1902 2385 etin

154 2408 274 2470 hoc
301 2409 564 2490 negotio.
647 2410 742 2469 Ac
774 2408 1053 2469 videntur
1085 2406 1350 2468 ecclesiis
1385 2407 1707 2500 aliquando
1733 2406 1905 2467 defu-

151 2490 282 2554 turi·
301 2503 588 2575 pastores,
619 2491 665 2550 si
697 2491 923 2551 diutius
953 2491 1343 2573 prohibeatur
1370 2490 1740 2570 conjugium.

234 2571 395 2636 Cum
427 2584 628 2634 autem
659 2585 826 2634 extet
854 2572 1207 2634 mandatum
1233 2572 1373 2645 Dei,
1396 2594 1533 2632 cum
1563 2594 1692 2632 mos
1714 2572 1904 2633 eccle-

153 2655 257 2717 siae
283 2668 463 2717 notus
491 2656 587 2730 sit,
615 2678 754 2717 cum
787 2657 1060 2740 impurus
1090 2655 1410 2716 coelibatus
1430 2655 1691 2737 plurima
1712 2654 1903 2736 pariat

153 2737 453 2811 scandala,
482 2738 771 2800 adulteria
809 2751 871 2799 et
908 2740 1022 2799 alia
1061 2738 1283 2799 scelera
1318 2738 1502 2819 digna
1531 2737 1903 2797 animadver-

155 2820 324 2881 sione
365 2821 507 2881 boni
546 2822 960 2902 magistratus:
1004 2833 1208 2882 tamen
1248 2821 1467 2881 mirum
1501 2832 1612 2891 est,
1647 2819 1810 2878 nulla
1838 2819 1900 2878 in

152 2924 220 2963 re
250 2902 535 2983 majorem
567 2905 826 2965 exerceri
853 2905 1161 2977 saevitiam,
1184 2925 1365 2984 quam
1393 2902 1670 2962 adversus
1695 2900 1904 2980 conju-

155 2984 327 3067 gium
369 2984 763 3047 sacerdotum.
849 2987 1020 3048 Deus
1067 2986 1351 3069 praecepit
1398 2985 1624 3044 honore
1667 2983 1901 3042 afficere

158 3066 526 3149 conjugium.
610 3068 911 3151 Legemin
949 3070 1231 3129 omnibus
1273 3066 1708 3150 rebuspublicis
1749 3066 1902 3125 bene

157 3149 518 3222 constitutis,
544 3150 725 3211 etiam
757 3151 915 3234 apud
945 3152 1238 3225 ethnicos»,
1261 3150 1543 3212 maximis
1575 3147 1900 3208 honoribus

155 3242 534 3293 ornaverunt.
617 3234 703 3294 At
738 3257 901 3295 nunc
939 3234 1295 3316 capitalibus
1331 3233 1529 3315 poenis
1557 3229 1903 3291 excrucian-

156 3325 275 3388 tur,
305 3326 366 3375 et
403 3314 650 3395 quidem
689 3316 1023 3377 sacerdotes
1058 3329 1266 3377 contra
1294 3335 1594 3376 canonum
1627 3312 1902 3373 volunta-

0 3435 2 3442 >
155 3408 305 3492 tem,
348 3398 574 3458 nullam
628 3397 804 3458 aliam
849 3400 930 3458 ob
972 3420 1234 3471 causam,
1262 3398 1373 3457 nisi
1414 3407 1658 3492 propter
1694 3394 1904 3475 conju-

15 3491 22 3499 *
71 3504 73 3508 ⁴
156 3500 346 3563 glum.
433 3481 652 3540 Paulus
697 3492 871 3541 vocat
914 3480 1251 3541 doctrinam
1292 3480 1730 3552 doemomorum,
1765 3498 1901 3559 quoe

45 3587 51 3594 ·
155 3563 441 3645 prohibet
482 3563 854 3646 conjugium,
888 3575 913 3624 1
939 3563 1210 3625 Timoth.
1241 3563 1318 3624 iv.
1404 3560 1478 3623 Id
1520 3561 1696 3623 facile
1735 3581 1901 3623 nunc

1675 3775 1709 3788 ae'
