2418 4172
534 384 642 444 299·
1164 380 1652 437 CONPESSIO

541 524 778 599 derunt,
793 524 1223 586 satisfactiones
1244 522 1429 585 indici
1454 524 1531 585 ab
1548 521 1840 596 Ecclesia,
1860 531 1930 583 ut
1947 521 2064 586 illoe
2085 543 2281 607 poenoe

545 608 912 692 mitigentur.
996 606 1082 667 Et
1120 606 1367 688 quidem
1397 618 1669 689 oportere
1696 603 2125 669 satisfactiones
2152 628 2283 668 esse

544 712 723 775 opera
751 713 870 752 non
902 689 1106 752 debita
1137 690 1271 774 lege
1300 689 1437 752 Dei.
1527 689 1659 752 Has
1692 687 1923 749 fabulas
1961 689 2285 753 monacho-

544 796 701 847 rum,
730 796 877 868 quas
922 796 997 834 ne
1039 772 1154 855 ipsi
1188 769 2285 916 ltquidgrmniistsiitegZaeruntggqiigzimus,

545 866 1564 999 ἓξωῖιείῃὲιῖῐῗιωὲυἷεξυτέιὲἱῐῒιιῐιωι·
1605 875 2286 1029 ρτοὲὶῐέζέῖἱίἰυωᾸΜ,

546 1042 668 1115 non
725 1031 968 1104 propter
1023 1042 1062 1080 u
1089 1020 1173 1080 las
1229 1031 1458 1080 nostras
1524 1030 2063 1115 compensationes,
2106 1029 2288 1113 Juxta

547 1102 732 1245 {225²
748 1102 1000 1243 1313?
988 1110 1506 1265 3523&ssss
1506 1098 2077 1264 Ᾰαὲἑῖἴῖξῆἶο
2096 1107 2289 1182 ΡΜ

631 1264 948 1327 Secundo:
992 1264 1274 1326 Dicimus
1302 1286 1483 1347 opera
1508 1264 1794 1338 indebita,
1820 1264 1899 1324 de
1925 1264 2145 1345 quibus
2172 1264 2286 1346 ipsi

549 1349 896 1492 lffluuntur,
924 1369 1045 1408 non
1075 1369 1203 1408 esse
1231 1347 1429 1408 cultus
1455 1346 1597 1420 Dei,
1626 1357 1732 1407 aut
1758 1345 2292 1428 compensationes,
2354 1391 2359 1395 -

550 1453 578 1491 s

704 1429 1001 1513 pertinere
1047 1430 1119 1491 ad
1165 1426 1283 1491 ho'c
1330 1429 1600 1491 dictum:
1643 1428 1910 1490 Frustra
1950 1426 2157 1491 colunt
2196 1447 2293 1490 me

547 1512 856 1574 mandatis
882 1513 1202 1574 hominum.
1286 1512 1371 1574 Et
1399 1524 1559 1573 certe
1588 1522 1851 1595 potestas
1875 1511 2132 1573 clavium
2167 1531 2291 1571 non

548 1596 736 1657 habet
778 1594 1130 1657 mandatum
1175 1594 1477 1657 indicendi
1509 1596 1657 1657 tales
1691 1615 1925 1677 poenas.
2008 1592 2292 1657 Dicimus

547 1679 752 1753 etiam,
819 1679 978 1740 hanc
1045 1677 1508 1760 applicationem
1579 1677 2110 1759 indulgentiarum,
2173 1697 2293 1756 qun

546 1783 708 1843 papa
737 1759 865 1822 aliis
896 1782 972 1843 ap
1017 1761 1159 1820 licat
1188 1759 1399 1821 merita
1427 1771 1792 1833 sanctorum,
1812 1757 2288 1821 commentitiam

547 1865 715 1904 esse:
772 1854 835 1903 et
883 1783 1283 1925 indulgentias
1334 1843 1478 1904 olim
1526 1842 1680 1903 nibil
1730 1841 1890 1904 aliud
1934 1841 2135 1915 fuisse,
2176 1839 2290 1901 nisi

547 1925 878 1987 laxationes
921 1947 1241 1999 canonum,
1283 1947 1418 2005 quae
1461 1926 1611 1986 nihil
1655 1925 2038 2007 pertinebant
2077 1922 2150 1988 ad
2193 1944 2292 1984 eas

550 2030 686 2070 com
769 2007 1090 2080 nsationes,
1119 2007 1195 2068 de
1222 2008 1440 2087 quibus
1470 2006 1752 2067 monachi
1782 2007 2128 2086 loquuntur.

627 2091 685 2152 A
710 2090 812 2151 iud
863 2101 1061 2150 autem
1117 2100 1225 2159 est,
1269 2090 1433 2169 loqui
1484 2089 1560 2150 de
1610 2088 2013 2154 satisfactione
2058 2085 2293 2148 debita:

549 2185 618 2234 ut
660 2172 735 2234 de
777 2172 1154 2233 restitutione
1197 2171 1359 2244 furti,
1388 2193 1723 2245 usurarum,
1753 2171 1962 2232 alienae
2003 2168 2295 2251 conjugis,

544 2255 742 2317 famae.
829 2254 985 2316 Haec
1022 2254 1318 2316 restitutio
1354 2266 1447 2316 est
1482 2276 1635 2336 opus
1668 2254 1963 2326 debitum,
2070 2252 2295 2317 ttinens

545 2337 622 2399 ad
650 2360 865 2399 novam
899 2336 1324 2411 obedientiam,
1345 2350 1415 2399 ut
1444 2338 1662 2398 Paulus
1687 2337 1921 2418 inquit:
2078 2333 2295 2418 isura-

547 2429 648 2483 ιω
666 2419 922 2514 fuerat,
929 2420 1077 2503 jam
1116 2442 1234 2482 non
1252 2418 1541 2502 furetur.
1627 2421 1747 2488 Qui
1794 2421 2010 2481 retinet
2053 2417 2293 2480 alterius

547 2524 892 2585 conjugem,
921 2525 1032 2565 nec
1072 2503 1515 2576 contritionem,
1541 2524 1654 2563 nec
1694 2501 1899 2572 fidem,
1927 2523 2040 2563 nec
2074 2520 2290 2562 novam

548 2585 953 2647 obedientiam
1001 2585 1198 2646 habet.
1285 2584 1419 2646 Nec
1470 2583 1776 2646 miscenda
1826 2595 1966 2646 sunt
2011 2582 2126 2644 illis
2170 2603 2294 2643 nae-

546 2667 662 2728 niis
692 2667 1165 2729 satisfactionum
1197 2689 1388 2750 praece
1435 2678 1496 2728 ta
1522 2667 1642 2728 Dei
1673 2666 1749 2728 de
1778 2666 2156 2728 restitutione
2188 2663 2294 2727 de-

550 2750 696 2823 bita,
726 2772 910 2831 quam
942 2749 1199 2811 dicimus
1229 2772 1357 2811 esse
1386 2690 1740 2811 iimiendam.

631 2832 920 2894 Fatemur
974 2844 1035 2893 et
1092 2833 1227 2907 hoc,
1315 2832 1559 2893 lurimas
1611 2830 1933 2894 horrendas
1976 2851 2189 2914 poenas
2232 2829 2294 2891 in

547 2915 664 2976 hac
702 2915 823 2977 vita
865 2915 1064 2997 vagari
1102 2938 1208 2999 per
1235 2855 1594 2989 Epcclesiam,
1621 2937 1729 2998 per
1768 2913 2038 2998 imperia,
2066 2934 2172 2996 per
2210 2911 2295 2973 fa-

548 2997 766 3074 milias,
851 3010 1050 3081 ropter
1104 3009 1267 3061 certa
1315 2997 1534 3060 delicta
1583 2998 1915 3061 multorum
1955 2995 2295 3071 bominum,

547 3081 732 3143 etiam
769 3102 803 3142 e
827 3092 1135 3143 ectorumz
1179 3093 1247 3143 ut
1284 3081 1497 3143 seditio
1540 3092 1705 3143 mota
1739 3091 1946 3143 contra
1973 3077 2296 3152 Davidem,

547 3185 671 3225 non
715 3163 923 3225 leviter
960 3163 1195 3225 adflixit
1233 3175 1419 3225 totam
1453 3164 1618 3225 illam
1650 3162 2111 3226 ecclesiasticam
2143 3160 2295 3244 poli·

548 3245 720 3322 tiam,
749 3257 812 3309 et
851 3245 1071 3308 multas
1112 3257 1344 3308 sanctas
1377 3246 1654 3308 familias.
1738 3243 2203 3312 Discernimusi
2250 3242 2294 3293 ’-

547 3339 647 3390 tur
675 3351 922 3413 poenam
951 3341 1258 3403 oeternam,
1287 3341 1348 3391 et
1374 3351 1622 3413 poenam
1658 3329 1837 3409 hujus
1865 3329 2020 3391 vitoe.
2091 3325 2177 3388 Et
2247 3322 2295 3383 i·

549 3414 743 3475 cimus
802 3434 1050 3496 poenam
1105 3424 1415 3488 aeternam,
1472 3424 1710 3475 tantum
1768 3421 2012 3504 propter
2065 3405 2287 3471 Filium
2355 3471 2361 3476 .

546 3493 667 3555 Dei
714 3495 958 3571 remitti,
1001 3516 1142 3558 cum
1195 3495 1314 3558 fide
1348 3496 1757 3576 justificamur
1798 3506 1861 3555 et
1900 3490 2288 3553 vivificamur.

547 3575 678 3637 Etsi
725 3588 926 3640 autem
970 3589 1031 3641 et
1072 3600 1274 3661 poenoe
1311 3579 1689 3658 temporales,
1718 3575 2018 3659 proecipue
2046 3583 2290 3654 propter

545 3654 768 3719 Filium
808 3659 927 3721 Dei
973 3660 1343 3742 mitigantur,
1371 3661 1477 3739 qui
1508 3672 1600 3721 est
1628 3654 2044 3720 umbraculum
2079 3653 2288 3716 Eccle-

2377 3728 2394 3772 Q

2364 3860 2418 4172 ι,
