2418 4172
658 313 1209 367 AUGUSTANA
1262 314 1515 366 MDXL.
1847 319 1945 371 221

213 466 355 519 sunt
378 455 579 517 idonei
608 455 680 517 ad
711 456 1085 532 coelibatum,
1105 455 1452 518 contrahere
1482 456 1954 532 matrimonium,

293 537 353 599 ia
394 550 534 599 vota
575 560 694 599 non
740 552 989 621 possunt
1031 538 1463 599 ordinationem
1501 560 1571 598 ac
1601 537 1950 599 mandatum

210 559 331 683 δἐἰ
361 621 586 681 tollere.
656 620 770 681 Est
791 632 993 682 autem
1018 621 1135 680 hoc
1160 620 1509 680 mandatum
1533 619 1672 691 Dei,
1688 618 1956 700 Propter

186 700 675 786 fornicationem
732 701 951 762 habeat
1005 722 1163 762 unus
1247 702 1418 782 isque
1463 722 1710 761 uxorem
1763 723 1954 763 suam.

210 784 431 867 Neque
460 783 808 845 mandatum
842 784 1056 854 solum,
1086 805 1113 842 s
1225 782 1407 842 etiam
1443 784 1664 843 creatio
1700 795 1762 843 et
1798 784 1955 844 ordi-

211 867 377 928 natio
403 865 543 939 Dei,
571 865 734 946 cogit
778 865 886 925 hos
930 864 1003 925 ad
1046 864 1418 946 conjugium,
1446 866 1550 945 qui
1590 865 1717 925 sine
1754 865 1955 944 singu-

210 949 317 1011 lari
361 948 481 1011 Dei
532 969 711 1030 opere
756 969 876 1007 non
924 959 1064 1007 sunt
1112 948 1371 1028 excepti,
1390 947 1571 1027 juxta
1613 946 1781 1017 illud,
1811 948 1955 1008 Non

213 1038 306 1095 ed
345 1031 559 1092 bonum
601 1029 825 1090 homini
863 1051 992 1090 esse
1026 1028 1237 1090 solum.
1324 1029 1519 1111 Igitur
1552 1052 1671 1090 non
1705 1043 1955 1123 peccant

211 1113 309 1176 isti
352 1113 457 1195 qui
501 1113 922 1195 obtemperant
967 1111 1107 1172 huic
1157 1111 1438 1172 mandato
1484 1124 1545 1173 ct
1594 1111 1952 1174 ordinationi

214 1195 360 1258 Dei.-

295 1276 461 1348 Quid
506 1289 701 1360 potest
743 1289 948 1338 contra
994 1277 1122 1338 haec
1163 1278 1427 1359 opponi?
1484 1291 1804 1359 exaggeret
1849 1278 1955 1339 ali-

215 1360 351 1443 quis
390 1360 818 1441 obligationem
862 1359 983 1420 voti
1027 1372 1318 1440 quantum
1364 1360 1542 1431 volet,
1584 1373 1787 1421 tamen
1835 1383 1955 1421 non

298 1442 435 1504 terit
489 1442 742 1513 efficere,
787 1453 853 1501 ut
909 1453 1115 1501 votum
1175 1443 1348 1502 tollat
1403 1441 1756 1503 mandatum
1814 1442 1956 1504 Dei.

306 1546 492 1585 nones
534 1523 755 1584 docent
796 1524 856 1582 in
899 1524 1064 1583 omni
1102 1535 1241 1583 voto
1258 1523 1362 1603 jus
1391 1524 1710 1606 superioris
1738 1524 1957 1605 excipi,

214 1626 398 1688 quare
443 1605 637 1665 multo
681 1605 879 1664 minus
925 1605 1054 1665 haec
1095 1615 1235 1664 vota
1277 1616 1483 1665 contra
1527 1606 1808 1666 mandata
1836 1605 1955 1666 Dei

212 1687 430 1749 valent.
515 1685 694 1755 Quod
739 1685 785 1744 si
829 1685 1119 1777 obligatio
1159 1696 1434 1745 votorum
1478 1687 1672 1746 nullas
1711 1687 1956 1747 haberet

214 1790 422 1832 causas
450 1789 557 1828 cur
585 1766 801 1827 mutari
833 1780 1039 1848 possit,
1066 1789 1177 1827 nec
1208 1766 1470 1827 Romani
1500 1768 1816 1849 pontifices
1838 1768 1959 1829 dis-

214 1862 577 1936 pensassent.
647 1849 869 1930 Neque
897 1850 1059 1910 enim
1091 1850 1230 1910 licet
1261 1849 1490 1910 bomini
1525 1850 1952 1933 obligationem

214 1954 353 2015 quae
408 1932 763 2015 simpliciter
817 1943 907 1991 est
953 1931 1107 2011 juris
1162 1932 1348 1991 divini
1400 1932 1752 1994 rescindere.
1837 1933 1955 1994 Sed

215 2014 539 2098 prudenter
568 2013 990 2094 judicaverunt
1035 2013 1294 2074 Romani
1346 2015 1659 2095 pontifices
1709 2016 1958 2097 aequita-

218 2109 341 2159 tem
398 2097 460 2156 in
518 2095 631 2156 hac
686 2095 1052 2177 obligatione
1108 2094 1508 2156 adhibendam
1568 2119 1713 2157 esse.
1809 2098 1957 2159 Ideo

217 2201 376 2262 soepe
416 2178 492 2239 de
532 2177 686 2238 votis
728 2177 1098 2259 dispensasse
1141 2177 1439 2258 leguntur.
1523 2178 1690 2239 Nota
1718 2192 1808 2240 est
1837 2180 1959 2239 bis-

216 2261 369 2322 toria
396 2260 472 2321 de
499 2281 638 2341 rege
665 2260 1042 2340 Arragonum
1075 2271 1346 2321 revocato
1374 2282 1449 2320 ex
1486 2261 1868 2336 monasterie,
1896 2274 1958 2323 et

216 2353 426 2404 extant
451 2342 727 2424 exempla
754 2341 939 2401 nostri
968 2342 1275 2423 temporis.

298 2424 559 2496 Deinde,
600 2445 708 2484 cur
753 2423 1183 2505 obligationem
1234 2435 1595 2506 exaggerant
1645 2425 1956 2487 adversarii

218 2529 323 2569 seu
364 2506 642 2568 effectum
685 2505 828 2579 voti,
857 2527 998 2566 cum
1038 2506 1274 2567 interim
1317 2506 1394 2567 de
1430 2506 1559 2589 ipsa
1590 2507 1716 2568 voti
1747 2519 1958 2569 natura

219 2589 450 2663 sileant,
477 2587 640 2670 quod
682 2587 863 2648 debet
903 2610 1031 2648 esse
1075 2588 1135 2649 in
1175 2611 1238 2650 re
1270 2589 1563 2671 possibili,
1588 2589 1751 2670 quod
1780 2590 1958 2651 debet

219 2692 348 2732 esse
393 2670 814 2745 voluntarium,
856 2682 1070 2753 sponte
1120 2682 1182 2732 et
1229 2672 1504 2732 consulto
1554 2674 1959 2754 conceptum?

220 2752 308 2813 At
345 2751 649 2833 quomodo
686 2752 764 2812 sit
798 2753 864 2813 in
902 2764 1196 2835 potestate
1228 2753 1488 2814 hominis
1518 2766 1802 2836 perpetua
1831 2777 1960 2816 cas-

222 2834 364 2895 titas
391 2855 511 2894 non
540 2845 630 2894 est
657 2833 951 2913 ignotum.
1035 2835 1117 2896 Et
1145 2836 1624 2917 quotusquisque
1653 2847 1865 2928 sponte
1899 2848 1960 2897 et

224 2916 500 2978 consulto
540 2916 740 2975 vovit?
790 2916 1009 2977 Puelloe
1051 2930 1112 2978 et
1154 2918 1580 2988 adolescente8‚
1653 2940 1955 2998 nusquam

213 2997 486 3079 judicare
522 3009 792 3080 possunt,
820 3000 1252 3080 persuadentur
1290 3000 1365 3060 ad
1394 2939 1753 3073 vovendiim,
1781 3000 1962 3061 inter-

223 3080 371 3142 dum
414 3078 595 3140 etiam
638 3079 951 3161 coguntur.
1034 3083 1237 3151 Quare
1279 3105 1401 3143 non
1440 3093 1530 3142 est
1562 3094 1957 3162 aequumtam

225 3161 415 3245 rigide
451 3160 530 3222 de
565 3162 931 3243 obligatione
971 3162 1295 3247 disputare,
1323 3187 1459 3226 cum
1494 3186 1706 3225 omnes
1734 3164 1961 3227 fatean-

224 3257 325 3323 tur
351 3255 556 3305 contra
586 3244 707 3304 voti
739 3258 1012 3306 naturam
1042 3269 1190 3320 esse,
1212 3246 1374 3326 quod
1400 3268 1518 3307 non
1542 3257 1777 3328 sponte,
1797 3247 1962 3329 quod

225 3325 565 3388 inconsulto
593 3324 946 3387 admittitur.
1921 3376 1926 3387 ,

309 3408 585 3488 Plerique
623 3429 879 3468 canones
919 3408 1262 3471 rescindunt
1293 3421 1430 3471 vota
1459 3424 1597 3471 ante
1627 3431 1853 3474 annum
1889 3423 1960 3476 1⁵

225 3501 545 3563 contracta,
574 3490 716 3572 quia
759 3502 899 3551 ante
940 3490 1104 3552 illam
1143 3503 1384 3554 oetatem
1422 3514 1543 3553 non
1573 3491 1809 3556 videtur
1834 3504 1966 3565 tan-

227 3584 357 3635 tum
387 3594 516 3633 esse
533 3571 771 3652 judicii,
803 3583 871 3633 ut
897 3571 974 3633 de
1002 3586 1287 3656 perpetua
1307 3574 1430 3636 vita
1452 3576 1736 3636 constitui
1759 3577 1963 3659 possit.

1623 3772 1657 3785 l
