2418 4172
500 323 609 375 210
1129 319 1617 375 coNrEsslo

503 486 584 548 po
629 462 763 524 ulus
804 462 971 534 sciat,
1013 460 1257 554 quando
1296 471 1494 524 coetus
1537 461 1598 521 in
1640 457 1886 543 templis
1927 457 2249 521 convenire

502 546 580 609 de
694 556 721 606 t
766 544 840 606 ad
891 564 1226 617 conciones,
1267 555 1328 605 et
1369 543 1445 605 ad
1488 564 1665 604 usum
1702 553 2247 603 sacramentorumt

503 638 741 711 oportet
809 627 970 687 enim
1046 626 1440 687 ministerium
1508 624 1656 686 illud
1719 644 1848 685 esse
1912 623 2246 707 publicum.

505 709 756 773 Prodest
819 720 980 771 certa
1043 719 1164 770 tem
1251 731 1316 770 ra
1385 706 1689 769 constitui.
1782 706 1878 767 Ita
1941 715 2249 767 servantur

505 791 664 886 apud
695 813 803 852 nos
831 791 993 852 feriae
1020 790 1136 851 diei
1235 791 1501 864 ominici,
1528 802 1590 851 et
1618 790 1915 872 pleraeque
1947 788 2114 849 alioet
2156 808 2251 847 re-

505 885 774 935 tinentur
813 874 1029 933 usitata
1068 873 1444 934 historiarum
1486 872 1832 933 discrimina
1868 871 1929 930 in
1958 868 2252 931 cantioni-

506 957 639 1030 bus,
681 955 894 1016 natalis
935 955 1264 1030 Dominici,
1300 955 1627 1029 Paschatis,
1667 954 1801 1014 festi
1845 951 2248 1024 Ascensionis,

506 1039 908 1110 Pentecostes,
937 1048 997 1096 et
1036 1036 1182 1097 aliis.
1268 1037 1354 1098 Et
1397 1038 1590 1119 magis
1633 1047 1798 1096 amat
1836 1035 2097 1118 populus
2139 1034 2249 1094 bas

506 1120 663 1203 ipsas
727 1117 1092 1179 ceremonias
1155 1130 1476 1199 postquam
1546 1118 1924 1179 conscientiae
1984 1116 2249 1178 liberate

507 1214 648 1262 sunt
696 1201 981 1283 periculo,
1023 1210 1085 1258 et
1126 1199 1243 1259 illis
1287 1200 1524 1279 injustis
1566 1200 1866 1271 oneribus,
1907 1198 1984 1259 de
2026 1198 2249 1279 quibus

504 1284 646 1343 olim
693 1282 971 1342 monachi
1003 1292 1065 1340 et
1092 1282 1415 1342 canonistae
1451 1281 1965 1341 vociferabanturt
2007 1291 2070 1340 et
2096 1302 2131 1340 e
2159 1301 2252 1341 re-

505 1365 684 1447 gione
723 1364 948 1424 utilitas
991 1375 1320 1424 monstrata
1358 1375 1466 1438 est,
1494 1362 1656 1444 quod
1702 1362 1763 1422 hi
1807 1363 1954 1422 ritus
1990 1361 2253 1424 serviant

505 1447 836 1507 ministerio
874 1445 1187 1527 evangelii.
1273 1446 1434 1507 Item
1473 1445 1763 1506 admoniti
1802 1455 1943 1505 sunt
1970 1443 2251 1505 homines

505 1532 689 1590 finem
737 1551 865 1589 esse
914 1528 1225 1611 politicum
1279 1529 1492 1589 harum
1545 1527 2010 1589 ordinationum.
2095 1526 2251 1588 Hoc

504 1612 715 1672 dextra
753 1611 1164 1693 interpretatio
1195 1611 1584 1671 traditionum
1614 1609 1810 1670 reddit
1837 1631 1938 1670 eas
1965 1608 2250 1691 gratiora

506 1693 826 1755 moderatis
857 1693 1091 1753 animis.
1162 1692 1247 1754 Et
1274 1714 1624 1774 quanquam
1645 1691 1853 1774 opinio
1881 1690 2251 1752 necessitatis

505 1789 567 1837 et
608 1777 804 1837 cultus
843 1774 1194 1849 detrahitur,
1223 1787 1425 1836 tamen
1458 1776 1599 1835 satis
1635 1774 1883 1835 munitae
1919 1785 2079 1847 sunt,
2105 1773 2251 1855 quia

504 1858 791 1919 docemus
842 1858 904 1918 in
953 1857 1217 1917 ecclesiis
1265 1857 1598 1918 emendatis
1652 1856 1829 1916 utiles
1883 1855 2249 1917 ceremonias

506 1941 722 2002 servire
767 1939 1099 2001 ministerio
1141 1939 1468 2020 evangelii;
1517 1959 1720 2019 quare,
1807 1937 1869 1998 ui
1912 1937 2252 2020 petulanter

503 2040 565 2084 et
605 2045 745 2084 cum
797 2021 1076 2083 scandalo
1124 2021 1230 2081 has
1279 2020 1646 2081 ceremonias
1690 2019 1788 2080 vio
1812 2030 1936 2092 ant,
1980 2018 2096 2081 boc
2139 2030 2252 2093 est,

505 2106 608 2248 qui
654 2103 997 2187 impediunt
1042 2102 1437 2163 ministerium
1489 2102 1803 2184 evangelii,
1846 2101 1958 2162 hos
2003 2121 2252 2186 peccare

550 2188 784 2248 icimus.
868 2186 1047 2247 Certe
1094 2185 1344 2246 modum
1392 2185 1779 2246 traditionum
1830 2205 1961 2245 esse
2009 2204 2254 2249 necesse
2295 2241 2314 2255 ,

505 2282 616 2343 est,
645 2281 706 2330 et
737 2268 1116 2330 conscientiis
1146 2268 1374 2329 consuli
1402 2278 1657 2350 oportet,
1680 2279 1748 2329 ut
1773 2265 2113 2349 intelligant
2139 2266 2253 2327 hu·

507 2375 717 2414 manos
746 2352 893 2412 ritus
921 2373 1034 2411 nec
1064 2373 1154 2411 res
1182 2352 1560 2422 necessarias,
1588 2371 1700 2410 nec
1718 2349 2018 2429 justitiam
2047 2369 2195 2412 esse·

592 2435 747 2497 Haec
775 2434 1034 2507 libertas,
1064 2433 1140 2493 de
1169 2454 1288 2513 qua
1318 2433 1419 2493 bic
1445 2432 1722 2504 dicimus,
1749 2452 1872 2491 non
1900 2429 2016 2491 fuit
2042 2430 2250 2513 ignota

505 2517 793 2599 patribus.
878 2514 1254 2597 Augustinus
1302 2515 1463 2575 enim
1523 2513 1739 2594 inquit,
1793 2512 2073 2575 “Totum
2134 2513 2251 2574 hoc

505 2606 543 2635 “
572 2620 763 2681 genus
812 2618 1008 2657 rerum
1065 2597 1276 2657 liberas
1327 2596 1511 2657 babet
1560 2594 2055 2669 observationes,”
2080 2605 2143 2655 et
2186 2595 2248 2655 in

509 2681 666 2741 hanc
712 2679 1071 2740 sententiam
1118 2679 1310 2740 multa
1355 2677 1445 2739 dis
1491 2690 1639 2739 utat.
1725 2678 1988 2739 Irenaeus
2033 2675 2250 2758 inquit,

505 2771 541 2799 “
570 2761 959 2824 Dissonantia
990 2760 1221 2842 jejunii
1253 2782 1374 2822 non
1461 2760 1687 2821 issolvit
1731 2759 1871 2820 fidei
1919 2780 2256 2823 consonan-

504 2853 539 2882 “
569 2845 768 2907 tiam.’'
837 2844 1160 2938 Tripartita
1192 2843 1465 2904 Historia
1496 2843 1687 2904 multa
1715 2841 1945 2924 colligit
1971 2841 2251 2925 exempla

506 2928 888 2989 dissimilium
921 2938 1167 2999 rituum,
1196 2938 1257 2989 et
1286 2926 1452 2987 addit
1479 2926 1786 3008 egregium
1827 2924 1923 3010 epi
1971 2924 2252 2999 bonema,

506 3019 541 3047 “
572 3011 754 3072 Mens
794 3032 827 3071 a
911 3010 1201 3071 stolorum
1241 3009 1377 3084 fuit,
1406 3031 1525 3070 non
1569 3008 1644 3069 de
1681 3008 1892 3069 diebus
2012 3007 2090 3069 tis
2116 3027 2253 3068 sau·

504 3102 539 3130 “
570 3094 710 3168 cire,
739 3031 1191 3175 secfgraedicare
1222 3092 1441 3153 bonam
1472 3091 1983 3153 conversationem
2022 3101 2088 3151 et
2123 3089 2252 3174 pio-

505 3185 541 3213 “
572 3175 810 3238 tatem.”
879 3174 999 3236 Sed
1037 3174 1189 3236 nihil
1227 3196 1380 3257 opus
1418 3186 1510 3235 est
1547 3175 1610 3235 in
1640 3196 1704 3235 re
1731 3171 2052 3234 manifesta
2082 3168 2249 3234 oolli-

506 3282 644 3341 gere
673 3258 866 3320 multa
892 3257 1255 3320 testimonia.
1337 3256 1563 3318 Verum
1600 3256 1698 3318 hie
1726 3254 2123 3318 vociferantur
2146 3250 2251 3313 ad·

509 3341 765 3415 versarii,
794 3340 1135 3403 labefactari
1178 3340 1292 3401 hac
1328 3339 1600 3402 doctrina
1635 3338 2014 3423 disciplinam
2049 3333 2248 3418 publi·

509 3446 662 3501 cam,
690 3422 844 3485 effici
872 3423 1131 3506 ἀναρχία,
1160 3422 1304 3484 item
1335 3422 1555 3484 aboleri
1588 3423 1746 3483 bona
1771 3443 1810 3482 o
1985 3427 2050 3480 et
2086 3436 2248 3478 mor·
2356 3449 2384 3474 .-

508 3506 896 3567 tiflcationem
954 3506 1167 3580 carnis,
1198 3505 1380 3586 juxta
1425 3502 1734 3568 Joviniani
1829 3517 2024 3582 ogma-
2113 3497 2246 3560 Has

511 3587 839 3648 calumnias
881 3587 1097 3669 partim
1132 3587 1263 3667 jam
1308 3586 1715 3648 refutavimus.
1799 3580 1945 3644 Non
1977 3579 2139 3643 enim
2178 3583 2246 3643 ῆι
