2418 4172
509 360 619 412 244
1150 360 1634 415 CONFESSIO

561 501 623 563 ui
666 513 940 586 pugnant
982 523 1121 562 cum
1167 503 1495 585 symbolis:
1546 515 1614 564 ut
1656 513 1796 563 sunt
1839 501 2264 576 Etbnicorum,

516 522 894 658 iludaeorum,
924 585 1516 657 Mabometistarum‚
1552 585 1901 658 Marcionis,
1930 583 2267 646 Manicbae-

521 689 715 744 orum,
756 667 1151 742 samosateni,
1189 668 1335 743 Arii,
1382 667 2091 741 pneumatomachorum,
2133 687 2268 749 por-

521 760 772 812 tentosae
801 751 1135 846 opiniones,
1157 763 1217 811 et
1247 751 1395 826 aliae,
1423 751 1841 812 condemnatae
1871 750 2024 810 veris
2053 743 2269 810 Eccle-

525 832 626 894 siae
643 832 909 913 judiciis.
995 833 1153 895 Cum
1197 846 1397 895 autem
1438 835 1855 895 controversiae
1884 854 2020 915 quoe
2048 840 2271 895 exorte

525 927 683 989 sunt,
705 916 883 998 praeci
934 938 1007 977 ue
1032 917 1376 1009 pertineant
1406 917 1478 977 ad
1510 917 1659 978 duos
1690 914 1967 978 articulos
1989 913 2272 997 symboli,

526 997 805 1059 videlicet
834 939 930 1058 ad³
937 999 1279 1072 articulum,
1301 999 1529 1060 Cauno
1560 1000 1970 1061 remissionem
1997 1008 2273 1082 peccato-

527 1102 703 1150 rum;
750 1080 916 1154 item,
938 1079 1169 1141 Cneno
1201 1081 1536 1142 Ecclesiam
1570 1094 1837 1143 sanctam
1872 1081 2271 1142 catholicam:
2318 1095 2321 1097 ’

528 1161 914 1223 ostendemus
970 1162 1179 1223 barum
1223 1165 1756 1225 controversiarum
1801 1164 2017 1238 fontes,
2054 1163 2274 1244 quibus

530 1244 917 1305 consideratis
944 1244 1193 1326 intelligi
1225 1245 1464 1327 poterit,
1482 1258 1712 1306 nostras
1734 1244 2163 1307 declarationes
2184 1245 2276 1327 ip-

530 1348 657 1387 sam
689 1326 1004 1409 Evangelii
1035 1349 1244 1387 voeem
1279 1349 1427 1401 esse,
1456 1338 1518 1387 et
1556 1329 1633 1389 ab
1661 1326 2007 1388 adversariis
2035 1348 2280 1408 corrup-

531 1410 679 1469 telas
709 1409 772 1469 in
802 1410 1073 1471 Ecclesia
1119 1432 1347 1492 sparsas
1386 1431 1530 1471 esse.
1618 1411 1710 1471 Ac
1738 1411 2003 1494 primum
2034 1407 2111 1470 de
2139 1407 2280 1470 arti·

531 1492 687 1567 culo,
2087 1493 2092 1496 ’
2273 1517 2278 1521 “

888 1575 1083 1636 Credo
1110 1577 1519 1638 remissionem
1542 1585 1949 1659 peccatorum.

618 1657 745 1718 Hic
789 1658 998 1719 multae
1038 1669 1099 1718 et
1140 1681 1376 1741 magnae
1407 1660 1756 1754 corruptelae
1787 1658 2180 1742 adfinguntur
2205 1657 2283 1718 ab

534 1738 916 1802 adversariis:
940 1740 1157 1814 Cred0,
1180 1741 1301 1802 imo
1329 1741 1561 1815 dubito,
1579 1742 1895 1823 inquiunt:
1925 1741 2091 1814 item,
2105 1739 2283 1801 'mne

533 1822 771 1884 credam
805 1844 945 1884 cum
977 1823 1118 1884 satis
1150 1823 1386 1884 habebo
1415 1825 1805 1886 meritorum:
1848 1823 1994 1884 item
2037 1845 2155 1884 non
2194 1822 2286 1883 di-

534 1916 700 1979 cunt,
729 1905 927 1967 Credo
971 1899 1381 1967 remissionem
1472 1919 1672 1990 ropter
1699 1907 1922 1968 Filium
1957 1906 2077 1968 Dei
2122 1917 2284 1967 certo

534 1987 659 2049 dari
777 1988 906 2063 atis,
937 2010 1054 2048 non
1099 2000 1344 2071 propter
1377 1930 1500 2050 uila
1543 1999 1747 2053 nostra
1785 1989 2019 2062 merita,
2047 1999 2153 2049 aut
2191 1988 2283 2048 ul-

533 2072 652 2132 lam
746 2071 1060 2152 ignitatem
1105 2083 1410 2132 nostram:
1454 2071 1601 2132 item
1647 2093 1767 2132 non
1807 2082 1968 2132 recte
2010 2080 2288 2162 emmtkt

535 2165 875 2237 peccatum,
904 2165 967 2213 et
1004 2154 1247 2236 fingunt
1276 2153 1587 2215 hominem
1633 2154 1750 2236 legi
1789 2154 1907 2215 Dei
1950 2150 2287 2216 satisfacere

580 2258 731 2311 osse,
761 2246 822 2297 et
847 2236 993 2317 legis
1022 2235 1379 2319 impletione
1398 2236 1635 2317 justum
1666 2260 1795 2298 esse
1824 2258 2024 2298 coram
2055 2235 2200 2298 Deo
2220 2236 2287 2297 in

535 2258 652 2380 liae
686 2319 823 2380 vita.
910 2318 1058 2380 Ideo
1102 2319 1364 2401 primum
1411 2319 1487 2380 de
1531 2333 1798 2403 peccat0,
1826 2332 1887 2380 et
1928 2341 2108 2381 causa
2149 2340 2291 2402 pec-

538 2402 676 2475 cati,
723 2402 981 2463 fideliter
1028 2402 1392 2463 retineamus
1435 2402 1767 2464 doctrinam
1810 2423 1962 2463 verae
2000 2401 2288 2464 Ecclesiae

539 2485 677 2545 Dei.

625 2567 786 2629 Cum
844 2569 1100 2630 essentia
1158 2569 1360 2630 divina
1418 2570 1496 2631 sit
1553 2569 1749 2644 unica,
1794 2577 2051 2631 aete'rnus
2096 2568 2290 2641 Pater,

540 2662 870 2712 coaeternus
900 2651 1090 2712 Filius
1121 2652 1323 2747 imago
1347 2652 1557 2725 Patris,
1579 2666 1640 2713 et
1669 2664 1999 2714 coaeternus
2029 2651 2290 2735 Spiritus

542 2733 799 2795 Sanctus
822 2757 856 2795 a
879 2735 1052 2795 Patre
1081 2747 1143 2796 et
1165 2735 1321 2796 Filio
1351 2734 1696 2819 procedens,
1719 2736 2029 2796 immensae
2058 2734 2293 2817 sapien·

543 2816 665 2889 tiae,
695 2818 999 2900 potentiae,
1030 2817 1334 2893 bonitatis,
1363 2839 1559 2893 verax,
1577 2818 1763 2899 justa,
1795 2819 2083 2891 benefica,
2110 2829 2293 2892 easta,

543 2899 867 2975 liberrima,
895 2900 1052 2963 sicut
1098 2901 1225 2984 ipse
1270 2923 1398 2962 sese
1442 2901 1725 2963 describit
1770 2902 1830 2961 in
1874 2902 2006 2983 lege
2050 2921 2189 2961 sua:
2229 2911 2295 2961 et

545 2982 880 3045 condiderit
908 2983 1151 3067 angelos
1187 2994 1248 3045 et
1289 2984 1561 3045 homines
1593 2984 1745 3058 ideo,
1777 2997 1842 3045 ut
1870 3004 2040 3044 suam
2074 2983 2294 3055 lucem,

546 3065 925 3149 sapientiam,
972 3079 1034 3127 et
1091 3067 1419 3128 bonitatem
1481 3068 1543 3128 in
1595 3066 1761 3128 omni
1820 3065 2153 3127 aeternitate
2205 3064 2293 3126 eis

547 3149 1045 3224 communicaret,
1101 3160 1162 3210 et
1218 3161 1416 3211 essent
1477 3151 1707 3234 templa
1761 3149 1897 3223 Dei,
1954 3149 2017 3210 in
2073 3147 2292 3231 quibus

548 3230 721 3293 Deus
769 3231 1084 3306 babitaret,
1115 3243 1182 3293 ut
1228 3244 1382 3294 esset
1424 3233 1595 3293 Deus
1637 3233 1843 3294 omnia
1887 3232 1949 3293 in
1993 3229 2294 3302 omnibus,

548 3327 616 3375 ut
660 3315 880 3376 Paulus
935 3315 1231 3397 loquiturz
1286 3315 1565 3377 Condidit
1614 3316 1789 3378 initio
1840 3334 1939 3378 eos
1961 3313 2189 3398 Jume,
2234 3318 2294 3371 ee

552 3396 731 3460 bonos
748 3425 767 3469 ‚-
816 3397 874 3459 id
905 3409 1013 3473 est,
1042 3409 1440 3481 congruentes
1484 3420 1623 3460 cum
1672 3409 1874 3460 mente
1900 3406 1962 3458 et
1988 3393 2294 3455 voluntate

552 3480 772 3555 divina,
800 3492 860 3541 et
889 3482 1194 3564 placentes
1225 3482 1335 3565 ipsi
1360 3505 1376 3542 t
1422 3504 1490 3543 ac
1518 3481 1675 3543 dona
1706 3478 1996 3549 attribuit,
2019 3474 2295 3538 videlicet

555 3564 843 3625 illustrem
890 3563 1164 3624 notitiam
1206 3563 1282 3624 de
1316 3564 1473 3637 Deo,
1502 3575 1563 3624 et
1600 3563 1676 3623 de
1702 3561 2009 3622 voluntate
2050 3557 2199 3638 ejus,
2225 3565 2295 3620 ut
2405 3599 2408 3602 «

545 3645 954 3725 intelligerent
982 3667 1046 3705 se
1074 3645 1346 3705 conditos
1383 3667 1512 3705 esse
1541 3667 1573 3705 a
1605 3644 1851 3716 Deo,·et
1893 3640 1967 3702 ad
2010 3639 2295 3703 obedien-

2389 3182 2395 3190 ·
2387 3084 2397 3108 ⁷⁷
2383 2654 2409 3055 ‘Q‘U*“⁴'an·r2
2388 2583 2410 2619 js

2412 3165 2418 3179 -
2411 3062 2418 3096 .-
