2418 4172
638 361 1188 418 AUGUSTANA
1240 363 1498 416 MDXL.
1837 369 1939 424 177

187 509 226 540 “
251 523 418 572 cerm
454 524 668 585 pecora
692 506 955 576 nutrire;
997 515 1185 567 artem
1207 503 1435 566 discere
1454 504 1817 567 diversarum
1843 532 1933 570 re-

186 590 228 622 “
250 604 385 646 rum
426 585 755 657 bonarum3
799 587 950 649 velle
990 587 1281 670 quicquid
1313 588 1539 648 bonum
1571 586 1645 647 ad
1675 609 1931 669 praesen-

184 672 224 711 ‘⁸
249 677 375 728 tem
421 669 679 751 pertinet
722 669 928 741 vitam,
969 691 1103 750 quae
1146 668 1349 729 omnia
1391 691 1512 730 non
1557 669 1687 729 sine
1729 670 1931 732 divina

183 755 221 792 ‘⁶
249 749 681 831 gubernatione
711 751 1063 823 subsistunt,
1087 750 1212 810 imo
1241 772 1314 810 ex
1340 750 1477 811 Deo
1506 762 1565 811 et
1598 774 1703 833 per
1729 753 1927 835 ipsum

182 837 219 868 ‘⁸
247 843 390 893 sunt
439 843 501 894 et
548 853 676 892 esse
724 845 1027 914 ceperunt.
1114 832 1299 892 Malis
1342 854 1482 893 vero
1523 833 1679 905 dico,
1711 848 1780 895 ut
1821 848 1930 907 est,

181 919 219 949 “
246 914 400 975 velle
429 913 657 975 idolum
690 915 923 975 colere:
967 914 1119 974 velle
1152 914 1597 987 homicidium,”
1622 918 1728 977 &a
1775 918 1928 979 Haec

180 995 504 1078 Augustini
535 996 829 1057 sententia
859 997 1136 1079 praeclare
1165 997 1363 1071 docet,
1385 999 1528 1078 quid
1560 1000 1747 1059 libero
1776 1002 1931 1061 arbi-

181 1077 298 1139 trio
322 1077 713 1140 tribuendum
746 1079 843 1151 sit,
871 1091 932 1139 et
959 1079 1176 1140 diserte
1206 1080 1490 1141 discernit
1528 1082 1766 1144 civilem
1808 1083 1929 1144 dis-

179 1159 464 1244 ciplinam
498 1183 599 1222 seu
631 1161 913 1222 exercitia
944 1162 1184 1222 rationis
1217 1163 1515 1237 humanae,
1546 1186 1578 1224 a
1608 1165 1931 1247 spirituali-

181 1242 295 1305 bus
325 1244 610 1318 motibus,
638 1266 775 1304 vero
812 1245 1043 1317 timore,
1074 1245 1380 1327 patientia,
1410 1248 1762 1322 constantia,
1792 1248 1929 1323 fide,

182 1324 576 1399 invocatione,
620 1327 682 1387 in
730 1327 1068 1408 asperrimis
1118 1328 1550 1389 tentationibus
1594 1330 1748 1390 inter
1788 1331 1930 1391 insi-

180 1407 310 1469 dias
356 1407 626 1481 Diaboli,
666 1409 726 1469 in
779 1409 1099 1469 terroribus
1155 1412 1404 1491 peccati.
1493 1412 1564 1471 ln
1626 1412 1717 1471 his
1767 1425 1927 1474 certe

179 1511 219 1551 o
263 1511 332 1551 us
374 1503 484 1564 est,
513 1492 636 1572 regi
683 1513 791 1551 nos
834 1504 895 1551 et
925 1491 1120 1570 juvari
1165 1514 1199 1551 a
1228 1493 1455 1574 Spiritu
1497 1494 1741 1565 Sancto,
1771 1495 1927 1556 sicut

181 1513 405 1633 Pluinma
461 1573 679 1653 inquit,
727 1573 1001 1654 Spiritu-s·
1047 1573 1300 1654 adjuvat
1348 1573 1766 1656 infimitatem
1820 1598 1928 1639 no-

178 1661 392 1715 mam.

258 1735 644 1799 Damnamus
703 1737 1052 1818 Pelagianos
1109 1748 1171 1797 et
1227 1738 1472 1811 similes,
1528 1740 1632 1819 qui
1686 1739 1924 1815 docent,

178 1818 342 1913 quod
382 1820 512 1881 sine
541 1819 767 1902 Spiritu
801 1820 1043 1893 Sanct0,
1073 1819 1212 1879 solis
1252 1832 1480 1881 naturae
1515 1821 1760 1895 viribuS,
1789 1845 1928 1905 pos-

177 1921 366 1963 simus
407 1902 613 1963 Deum
658 1924 836 1984 super
877 1902 1083 1963 omnia
1125 1901 1394 1985 diligere,
1438 1904 1630 1985 legem
1676 1905 1795 1965 Dei
1840 1906 1927 1966 fa-

178 2005 332 2057 cere,
360 1984 556 2065 quoad
589 1985 985 2044 substantiam
1018 1996 1283 2045 actuum.
1370 1986 1524 2046 Haec
1564 1988 1798 2047 somnia
1836 1989 1927 2048 in·

255 2087 374 2127 nue
401 2078 463 2127 et
492 2067 824 2127 necessario
858 2067 1372 2148 reprebendimus,
1402 2070 1724 2130 obscurant
1759 2071 1920 2131 enim
2008 2084 2012 2086 ’

178 2084 470 2209 ἓηεῦοἰα
500 2149 747 2209 Christi.
832 2149 998 2208 Nam
1029 2149 1164 2209 ideo
1193 2150 1548 2232 proponitur
1576 2152 1638 2211 in
1668 2174 1818 2213 evan
1863 2175 1927 2213 e-

179 2230 262 2291 l'io
307 2231 602 2292 mediator
645 2230 942 2304 Christus,
978 2242 1039 2291 et
1087 2232 1460 2315 promittitur
1506 2234 1778 2296 miserico
1852 2236 1926 2308 ia,

177 2312 321 2407 quia
376 2313 642 2374 humana
698 2325 909 2374 natura
965 2335 1085 2373 non
1142 2325 1341 2396 potest
1397 2315 1732 2377 satisfacere
1783 2318 1922 2398 legi,

176 2406 333 2456 sieut
361 2396 581 2457 Paulus
610 2407 880 2470 testatur,
908 2417 1047 2456 cum
1079 2396 1162 2457 ait
1193 2396 1369 2457 Rom.
1394 2397 1513 2458 viii.
1539 2398 1765 2460 Sensus
1793 2422 1927 2460 car-

175 2477 276 2539 nis
315 2478 639 2539 inimicitia
682 2487 775 2539 est
816 2478 1103 2539 adversus
1141 2479 1347 2540 Deum
1368 2507 1388 2548 ,-
1437 2479 1561 2562 legi
1604 2483 1760 2541 enim
1797 2481 1928 2543 Dei

176 2581 297 2622 non
323 2570 413 2623 est
439 2561 734 2634 subditus,
764 2582 838 2621 ac
864 2582 942 2622 ne
959 2569 1162 2643 potest
1182 2563 1418 2643 quidem
1438 2563 1673 2646 suffici.
1718 2564 1925 2633 Quan-

178 2661 360 2723 quam
403 2645 565 2705 enim
610 2654 858 2704 externa
899 2666 1081 2727 opera
1123 2645 1324 2726 aliquo
1358 2645 1539 2705 modo
1570 2657 1769 2728 potest
1797 2646 1923 2707 effi-

178 2745 315 2785 oene
340 2725 607 2787 bumana
630 2739 843 2788 natura
871 2749 979 2809 per
1005 2749 1152 2800 sese,
1182 2738 1382 2809 potest
1415 2729 1576 2788 enim
1615 2729 1921 2789 continere

179 2826 393 2868 manus
436 2830 471 2868 a
512 2809 688 2884 furto,
717 2832 751 2869 a
793 2810 974 2882 mede,
1002 2820 1205 2870 tamen
1241 2810 1546 2870 interiores
1584 2823 1805 2883 motuS,
1835 2823 1921 2883 ut,

177 2906 385 2950 verum
436 2890 737 2964 timorem,
793 2891 1096 2965 fiduciam,
1144 2892 1517 2975 patientiam,
1566 2893 1921 2968 castitatem,

179 2991 300 3031 non
342 2982 541 3064 potest
580 2973 833 3047 efficere,
868 2974 982 3034 nisi
1026 2975 1071 3034 S
1118 2974 1283 3035 iritus
1326 2975 1584 3035 Sanctus
1627 2976 1922 3056 gubernet

178 3063 242 3112 et
268 3051 509 3133 adjuvet
536 3055 715 3116 corda
743 3067 960 3117 nostra.
1091 3068 1116 3117 t
1138 3067 1339 3117 tamen
1370 3058 1430 3117 in
1465 3059 1581 3118 hoc
1609 3058 1741 3118 loco
1771 3058 1918 3119 illud

177 3134 359 3196 etiam
403 3135 707 3211 docemus,
733 3137 852 3199 Dei
897 3138 1248 3200 mandatum
1294 3162 1441 3212 esse,
1470 3152 1538 3200 ut
1574 3140 1754 3200 etiam
1791 3162 1920 3201 ear-

177 3218 344 3278 nales
371 3231 754 3280 coerceantur
779 3220 1088 3315 diligentia
1115 3222 1361 3282 rationis
1390 3234 1451 3282 et
1481 3222 1580 3282 illa
1608 3222 1766 3282 civili
1800 3221 1921 3284 dis-

175 3300 418 3381 ciplina,
446 3301 602 3363 sicut
645 3301 862 3363 Paulus
904 3304 1121 3383 inquit,
1149 3303 1282 3364 Lex
1323 3312 1411 3364 est
1445 3304 1819 3387 paedagogus
1851 3305 1919 3367 in

183 3381 515 3445 Clm‘stum.
603 3384 782 3459 Item,
809 3382 942 3445 Lex
970 3393 1060 3445 est
1087 3385 1334 3466 injustis
1354 3387 1577 3466 posita.

957 3525 1139 3588 XIX.

177 3613 329 3694 DE
362 3651 542 3691 eausa
577 3629 807 3712 peccati
835 3628 1072 3703 docent,
1101 3629 1264 3711 quod
1292 3630 1530 3692 tametsi
1558 3629 1731 3695 Deus
1758 3643 1920 3695 creat
2014 3686 2023 3690 -

1026 3732 1068 3772 N

1679 3775 1712 3788 l
