2418 4172
781 391 1255 445 SAXONICA.
1782 393 1891 446 805

135 531 452 607 idolorum,
478 542 540 594 et
581 532 785 594 multis
824 533 1138 595 erroribus.
1222 531 1380 593 Sunt
1416 543 1624 592 mntem
1665 544 1726 591 et
1768 533 1886 594 alia

128 614 328 677 multa
358 615 671 677 mendacia
707 615 769 676 in
800 616 969 678 votis.
1054 614 1425 676 Promittant
1453 612 1788 708 castitatem
1819 630 1883 676 et

130 710 577 863 maffia-1
608 698 864 848 „33:¹22
906 693 1880 870 332303224532325500'33512

129 862 329 925 multo
364 863 566 946 plures
605 882 871 941 quoerere
913 859 994 920 ibi
1042 859 1270 919 culinas
1314 871 1650 932 instructas,
1692 881 1877 940 quam

124 943 423 1088 {1¹:3¹2
437 942 791 1086 f‘ffiass'z
843 941 1199 1086 ssssussffit
1213 963 1456 1085 ‘¹333‘
1479 941 1879 1086 3¹:333&

128 1106 407 1170 homines
430 1107 634 1169 diserti
667 1119 735 1169 ut
761 1107 985 1181 volent,
1007 1118 1210 1168 tamen
1243 1129 1481 1190 semper
1509 1107 1641 1169 haec
1666 1108 1875 1190 opinio

126 1188 191 1267 in
230 1190 582 1252 hominibus
622 1212 745 1252 non
786 1190 1049 1272 profanis
1095 1190 1210 1251 hoc
1247 1191 1529 1273 exemplo
1555 1192 1875 1251 confirma-

123 1283 260 1344 tura
303 1273 486 1343 Quod
513 1273 657 1335 talia
695 1295 877 1354 opera
918 1273 1108 1334 electa
1153 1272 1421 1333 humano
1460 1272 1717 1334 consilio
1750 1273 1871 1334 sint

125 1354 327 1419 cultus
366 1355 508 1429 Dei,
542 1355 604 1417 id
645 1368 757 1426 est,
788 1377 969 1437 opera
1012 1377 1120 1448 per
1149 1376 1284 1435 quae
1325 1355 1495 1416 Deus
1528 1355 1767 1434 judicet
1806 1378 1872 1416 se

127 1436 356 1501 honooe
399 1437 595 1500 adfici.
682 1437 838 1500 Haec
874 1459 911 1498 o
956 1437 1079 1498 imo
1121 1437 1383 1499 taxanda
1423 1451 1535 1511 est,
1570 1451 1633 1499 et
1676 1438 1872 1499 homi-

124 1541 277 1582 num
307 1522 614 1582 mentibus
651 1459 962 1582 evellendi:
987 1532 1097 1593 est,
1125 1533 1188 1581 et
1216 1520 1557 1582 retrahendi
1584 1532 1728 1581 sunt
1761 1521 1870 1581 ho-

126 1602 323 1664 mines
358 1602 434 1664 ad
477 1602 826 1664 mandatum
859 1602 1003 1675 Dei,
1018 1602 1200 1681 juxta
1230 1603 1346 1663 hoe
1373 1602 1640 1664 dietumz
1685 1602 1877 1663 Frus-⁹

123 1684 462 1746 madunt
496 1706 592 1745 me
628 1685 934 1746 madalis
968 1683 1296 1744 leontinum.
1378 1684 1574 1746 Item:
1620 1682 1769 1745 Non
1809 1685 1879 1745 in

389 1767 406 1781 ⁰
468 1775 728 1848 patr-tam
750 1774 1108 1837 vestrorum,
1133 1765 1242 1826 sed
1273 1767 1340 1826 ὄπ
1374 1766 1696 1846 preceptis
1726 1767 1878 1827 meis

120 1848 302 1910 -bu
397 1869 451 1910 e.
535 1847 694 1910 Haee
739 1846 1121 1931 reprehensio
1163 1848 1303 1908 vitoe
1350 1848 1697 1909 monasticae
1739 1870 1880 1909 vera

120 1940 185 1992 et
211 1930 459 1993 illustris
487 1942 596 1994 est.
681 1931 826 1992 Jam
872 1930 922 1991 si
962 1929 1280 2011 adfingunt
1315 1931 1531 1992 merita
1557 1942 1618 1991 et
1646 1930 1878 2024 perfec-

120 2013 337 2088 tiones,
388 2014 583 2095 magis
639 2014 991 2075 obscuratur
1044 2012 1446 2095 Evangelium
1501 2013 1580 2074 de
1634 2014 1873 2094 justitia

121 2094 285 2170 fidei,
314 2107 389 2157 et
426 2096 581 2156 veris
622 2097 907 2157 cultibus.
992 2094 1155 2163 Quia
1203 2107 1426 2156 tetrum
1477 2106 1542 2157 et
1590 2096 1874 2157 horribile

122 2177 503 2239 maedacium
531 2190 643 2252 est,
669 2177 1112 2239 observationes
1143 2178 1503 2239 monasticas
1541 2179 1753 2239 mereri
1783 2201 1879 2240 re-

120 2271 1047 2436 ssfflsstffapssssffffl‘fzssfst
1071 2259 1664 2425 ffssffieffxssssss
1685 2282 1877 2405 Ἣῗὲῗῖ

117 2423 257 2487 Nee
282 2425 399 2488 fuit
427 2425 633 2508 ignota
659 2426 1003 2506 antiquitati
1034 2425 1164 2486 haec
1193 2426 1593 2508 reprehensio.
1678 2425 1872 2487 Extat

118 2507 284 2569 enim
323 2508 585 2571 narratio
628 2531 733 2569 seu
765 2530 921 2581 vera,
961 2529 1067 2568 seu
1109 2506 1363 2569 docendi
1408 2530 1588 2569 eausa
1630 2508 1872 2590 scripta,

117 2611 259 2674 quoe
284 2601 490 2653 tamen
516 2590 752 2672 judicia
788 2591 1025 2674 piorum
1070 2590 1317 2651 indicat.
1401 2591 1707 2663 Scribant,
1735 2591 1868 2651 An-

117 2673 289 2735 tonio
331 2674 600 2757 cupienti
656 2674 807 2735 scire
855 2683 1154 2754 quantum
1204 2672 1364 2755 apud
1414 2672 1623 2734 Deum
1674 2673 1869 2755 profe-

118 2754 299 2816 cisset
337 2756 399 2816 in
442 2756 561 2818 illis
601 2756 899 2818 exercitiis
926 2755 1286 2830 solitudinis,
1314 2767 1704 2816 monstratam
1739 2778 1869 2816 esse

119 2834 375 2898 domum
428 2838 647 2899 sutoris
694 2838 1108 2912 Alexandrini,
1154 2838 1416 2899 vicinam
1472 2849 1678 2920 portoe.
1763 2838 1867 2898 In-

286 2940 357 2980 us
395 2918 597 3001 igitur,
628 2920 951 3002 alloquitur
989 2921 1501 3015 patremfamilias,
1538 2922 1868 3002 interrogat

161 3022 197 3061 e
230 3000 504 3063 doctrina
542 3015 606 3064 et
644 3002 722 3063 de
763 3003 1057 3064 exercitiis
1093 3003 1354 3087 pietatis.
1442 3002 1569 3063 Hic
1601 3012 1761 3062 recte
1788 3001 1868 3063 de

119 3082 390 3145 doctrina
417 3084 754 3167 respondet.
812 3086 1050 3147 Postea
1089 3086 1190 3159 ait,
1218 3109 1281 3147 se
1321 3106 1499 3146 mane
1536 3084 1698 3144 brevi
1729 3107 1866 3167 pre-

46 3215 50 3218 .
120 3166 356 3227 catione
380 3166 521 3228 Deo
549 3168 767 3249 gratias
795 3190 990 3262 agere,
1017 3179 1079 3230 et
1119 3190 1229 3250 pro
1271 3167 1497 3229 caeteris
1538 3166 1869 3242 beneficiis,

119 3259 182 3309 et
209 3247 372 3330 quod
402 3249 627 3310 Filium
658 3250 903 3312 miserit.
976 3250 1215 3311 Deinde
1244 3262 1446 3332 petere
1475 3272 1537 3309 se
1565 3249 1865 3310 remissio-

119 3352 260 3392 nem
298 3344 680 3414 peceatorum
718 3344 964 3415 propter
992 3333 1238 3405 Filium,
1266 3345 1327 3393 et
1359 3354 1525 3392 orare
1555 3343 1623 3391 ut
1652 3330 1869 3393 Eccle-

118 3413 268 3475 siam
314 3426 508 3476 servet
547 3427 609 3475 et
650 3436 818 3475 suam
863 3414 1175 3487 familiam,
1215 3435 1381 3475 orare
1422 3426 1484 3474 et
1522 3413 1745 3477 Filium
1792 3428 1864 3477 ut

118 3517 229 3578 pro
265 3497 437 3558 nobis
474 3497 822 3570 intercedat,
849 3509 911 3557 et
950 3498 1063 3557 hac
1090 3496 1212 3557 fide
1248 3496 1646 3576 acquiescere,
1672 3509 1734 3558 et
1764 3498 1863 3559 loe-

0 3613 3 3618 ·
118 3589 252 3640 tum
278 3579 472 3642 facere
499 3580 856 3641 domesticas
885 3601 1114 3662 operas,
1142 3591 1204 3641 et
1230 3601 1437 3640 curare
1465 3591 1532 3640 ut
1560 3579 1668 3640 filii
1698 3591 1859 3643 reete

989 3683 1030 3721 x

1658 3770 1691 3785 f
