2418 4172
793 330 1339 384 HELVETICA.
1870 338 1939 389 65

195 473 290 534 nia
320 472 578 555 leg-ibus,
604 472 708 533 aed
738 472 1046 555 Scriptura
1075 473 1296 545 divina,
1315 473 1487 534 cu‘us
1504 477 1930 557 compendium

188 565 283 616 ent
303 553 667 637 Symbolum
687 555 1127 638 Apostolicum.
1184 555 1363 616 Unde
1382 494 1637 638 l'egimua
1658 559 1815 640 apud
1842 582 1937 620 vc·

189 648 344 698 terea
373 636 596 699 rituum
637 637 820 699 fuisse
853 637 1257 699 diversitatem
1289 638 1535 713 variam,
1565 639 1666 700 aed
1702 662 1834 700 cam
1870 642 1938 701 li·

189 719 560 802 beram5qua
578 741 762 781 nemo
779 742 1047 801 unquam
1074 720 1442 782 existimavit
1467 721 1710 783 dissolvi
1746 723 1938 784 unita-

186 812 316 864 tem
338 802 823 865 ecclesiasticam.
868 803 940 864 In
972 802 1356 885 dogmatibus
1377 804 1461 865 ita
1508 826 1602 876 ue,
1625 816 1686 865 et
1716 804 1775 864 in
1799 827 1936 867 vera

187 885 466 947 concordi
514 908 589 947 ue
645 885 1067 968 praedicatione
1122 887 1415 969 evangelii
1525 887 1714 961 bristi,
1758 899 1819 948 et
1876 889 1937 949 in

187 966 403 1029 ritibus
432 907 767 1029 :homino
795 967 1013 1028 diserte
1042 968 1292 1043 traditis,
1320 969 1577 1030 dicimus
1605 991 1803 1030 veram
1843 993 1940 1031 ec-

186 1049 386 1112 eleniae
413 1063 685 1112 constare
712 1051 1127 1111 concordiam:
1175 1052 1275 1111 ubi
1309 1052 1469 1112 illam
1504 1054 1768 1113 maxime
1798 1075 1939 1135 apo-

187 1132 325 1194 stoli
368 1134 726 1195 sententiam
774 1156 1077 1215 urgemuS,
1109 1134 1327 1216 Philip.
1361 1135 1443 1195 iii.
1478 1136 1646 1201 Quot
1687 1144 1790 1196 uot
1820 1138 1936 1196 ita-

186 1237 306 1300 que
332 1214 599 1301 perfecti
634 1238 860 1288 summ,
897 1217 1007 1277 hoc
1044 1219 1396 1278 sentiamus.
1489 1219 1627 1284 Quo
1704 1220 1760 1278 si
1795 1220 1942 1300 quid

188 1297 377 1361 aliter
427 1299 688 1372 sentitis,
739 1299 850 1360 hoc
905 1321 1137 1382 quoque
1189 1300 1354 1361 vobis
1398 1300 1574 1362 Deus
1628 1301 1936 1362 revelabit.

187 1381 487 1452 Attamen
527 1383 593 1442 in
621 1404 688 1441 eo
722 1382 807 1442 ad
831 1383 992 1464 quod
1022 1384 1425 1463 pervenimus,
1455 1386 1662 1446 eadem
1700 1385 1939 1445 inceda-

188 1484 326 1526 m
348 1464 590 1548 regula,
621 1473 680 1525 et
707 1464 917 1525 itidem
944 1466 1134 1526 simus
1162 1464 1390 1549 cffwti.

158 1840 163 1846 ⁸
191 1753 296 1832 De
326 1758 647 1847 Mitti-stris
675 1763 998 1909 Ecclesiaeo,
1021 1766 1045 1825 i
1084 1787 1410 1862 serumque
1445 1766 1852 1834 Institutione,
1884 1773 1942 1825 et

1102 1870 1194 1909 us,

942 1999 1191 2060 XVIII.

190 2117 455 2198 DEUS
494 2136 570 2196 ad
610 2137 1011 2220 colligendam
1042 2138 1136 2197 vel
1177 2137 1661 2199 'constituendam
1701 2138 1813 2198 sibi
1850 2159 1945 2199 ec-

190 2218 457 2294 clesiam,
477 2220 854 2301 eandemque
883 2219 1334 2302 gubernandam
1366 2231 1428 2280 et
1456 2220 1944 2294 conservandam,

190 2319 429 2386 semper
449 2322 591 2363 uana
613 2315 706 2363 eat
735 2302 1042 2376 ministriS,
1080 2302 1272 2383 iisque
1291 2302 1480 2363 utitur
1498 2302 1714 2376 adhuc,
1735 2315 1796 2363 et
1816 2315 1946 2364 ute'-

190 2395 291 2446 tur
314 2405 512 2468 porro,
540 2385 737 2466 quoad
778 2385 1031 2446 ecclesia
1067 2385 1128 2445 in
1156 2385 1326 2444 terris
1354 2385 1549 2446 fuerit.
1633 2385 1798 2467 Ergo
1830 2386 1944 2446 mi-

186 2466 510 2542 nistrorum
547 2467 735 2550 origo,
767 2467 1065 2528 institutio
1094 2479 1155 2528 et
1183 2467 1415 2528 functio
1445 2468 1851 2528 vetustissima
1881 2480 1943 2528 et

188 2549 208 2611 i
274 2549 377 2611 ‘ius
418 2549 559 2624 Dei,
602 2573 722 2612 non
768 2572 924 2612 nova
968 2560 1072 2611 aut
1116 2550 1434 2611 hominum
1487 2562 1578 2611 est
1627 2550 1942 2611 ordinatio.

308 2642 400 2694 aet
420 2655 563 2694 sane
584 2633 755 2695 Deus
786 2656 892 2695 sua
916 2634 1187 2716 potentia
1215 2633 1566 2694 immediate
1595 2633 1707 2693 sibi
1733 2633 1945 2713 adjun-

188 2736 330 2859 ξεω
354 2737 433 2778 ex
462 2716 811 2779 hominibus
848 2716 1183 2790 ecclesiam,
1212 2716 1317 2777 sed
1352 2717 1567 2777 maluit
1595 2738 1770 2798 agere
1799 2736 1937 2775 cum

234 2798 541 2860 ominibus
561 2822 670 2883 per
690 2800 1088 2861 ministerium
1116 2800 1452 2860 hominum.
1498 2798 1754 2859 Proinde
1777 2821 1947 2880 spec-

189 2880 368 2942 tandi
386 2890 531 2943 aunt
560 2883 836 2958 ministri,
864 2905 984 2944 non
1017 2894 1086 2943 ut
1116 2882 1371 2943 ministri
1402 2882 1697 2942 duntaxat
1728 2903 1833 2962 per
1862 2903 1944 2950 se,

190 2963 296 3025 aed
338 2964 497 3026 sicut
535 2965 792 3028 ministri
823 2964 966 3038 Dei,
1006 2977 1217 3048 utpote
1295 2988 1359 3025 er
1391 2986 1542 3045 quos
1580 2964 1752 3023 Deus
1792 2963 1947 3023 salu-

191 3058 316 3107 tem
368 3047 686 3109 hominurn
737 3061 1036 3132 operatur.
1124 2989 1306 3110 Unde
1356 3045 1690 3110 cavendum
1738 3068 1947 3106 mone-

196 3149 351 3204 mus,
377 3150 455 3189 ne
482 3152 553 3191 ea
585 3153 722 3212 quae
762 3144 903 3193 sunt
930 3131 1331 3192 conversionis
1372 3142 1588 3191 nostrae
1618 3141 1679 3188 et
1709 3129 1947 3188 institu-

191 3209 395 3286 tionis,
441 3210 524 3272 ita
573 3215 826 3275 oecultoe
868 3214 1072 3275 virtuti
1123 3214 1380 3296 Spiritus
1431 3212 1635 3272 Sancti
1695 3210 1948 3274 attribu-

193 3313 387 3369 amus,
446 3305 515 3353 ut
572 3295 974 3357 ministerium
1040 3295 1508 3357 ecclesiasticum
1568 3310 1944 3354 evacuemus.

191 3376 358 3437 Nam
397 3378 682 3438 convenit
718 3397 827 3438 noa
865 3399 1103 3461 semper
1135 3400 1264 3439 esse
1303 3397 1598 3437 memores
1627 3376 1942 3437 verborum

195 3458 472 3542 apostoli,
525 3459 708 3521 Rom.
756 3479 815 3521 x.
866 3459 1177 3526 Quomodo
1232 3458 1498 3533 credent,
1545 3458 1620 3519 de
1666 3477 1783 3543 quo
1829 3479 1949 3521 non

196 3541 585 3604 audierunt?
633 3541 945 3610 Quomodo
987 3550 1190 3603 autem
1232 3542 1482 3603 audient
1530 3542 1755 3624 absque
1793 3563 1950 3622 prce-

199 3624 440 3686 dicante
462 3627 499 3685 ,⁹
543 3625 716 3709 Ergo
725 3623 901 3711 fides
945 3634 1033 3687 est
1070 3646 1143 3685 ex
1185 3625 1420 3699 auditu,
1457 3624 1707 3685 auditus
1747 3633 1949 3686 autem
2020 3684 2028 3689 .

1061 3729 1092 3768 r

1689 3775 1723 3787 l
