2418 4172
439 313 545 370 194
1047 305 1541 362 CONFESSIO

439 452 641 525 factio,
669 472 792 511 non
833 450 1028 511 solum
1073 470 1182 532 pro
1220 448 1399 532 culpa
1437 448 1704 531 originis,
1731 447 1836 510 sed
1864 448 2045 511 e'tiam
2077 459 2194 532 pro

440 535 724 598 omnibus
763 533 1003 613 reliquis
1042 531 1321 616 peccatis,
1350 543 1419 592 ut
1456 531 1529 592 ad
1563 530 1857 592 Hebraeos
1894 532 2007 594 scri
2054 542 2196 593 tum

442 630 555 694 est,
584 615 1216 700 Sanctg'ficatisumus
1236 636 1354 696 per
1382 614 1744 676 oblationem
1768 612 1927 676 Jess't
1962 555 2192 677 cliv-istu·

441 700 643 764 semel.
729 699 908 774 Item,
948 698 1082 760 Una
1112 697 1408 759 oblatione
1435 698 1863 760 consummavit
1891 697 1957 758 in
1975 717 2197 780 perpe-

445 793 619 846 tuum
662 804 762 843 eos
802 782 910 865 qui
949 779 1430 864 sanctificantur.
1517 781 1802 862 Denique
1850 781 2010 842 bona
2056 801 2199 863 para

448 865 745 950 Epistolae
774 865 847 927 ad
880 865 1177 926 Hebraeos
1221 864 1598 927 consumitur
1640 864 1701 925 in
1743 864 1857 925 hac
1898 861 2197 924 sententia

446 948 878 1022 confirmanda,
906 947 1067 1040 quod
1098 947 1294 1008 solum
1326 947 1552 1008 Christi
1593 946 1954 1009 sacrificium
1995 966 2198 1007 meru-

446 1033 561 1094 erit
616 1030 747 1091 aliis
796 1030 1208 1091 remissionem
1260 1041 1642 1112 peccatorum
1690 1051 1795 1091 seu
1850 1028 2199 1091 reconcilia-

446 1117 696 1176 tionem.
782 1112 1013 1192 Inquit,
1041 1110 1187 1172 Ideo
1218 1113 1542 1192 quotannis
1571 1113 1833 1193 repetita
1861 1134 1991 1175 esse
2015 1110 2200 1174 1,θυὶ-

450 1198 575 1258 tica
616 1192 945 1276 sacrffida,
974 1193 1119 1289 quia
1156 1215 1273 1254 non
1314 1193 1684 1255 aboleverint
1712 1203 1990 1275 peccata.
2075 1192 2204 1256 Sed

459 1278 693 1340 Christi
733 1274 1037 1373 sacrificio
1082 1274 1272 1336 semel
1311 1274 1700 1359 satLffactum
1748 1298 1878 1339 esse
1899 1297 2033 1371 pm
2073 1297 2204 1339 on—

452 1363 622 1423 m‘um
643 1368 936 1440 peccans.-
1004 1357 1132 1419 Hic
1162 1358 1353 1420 honos
1383 1357 1657 1420 sacrificii
1687 1358 1916 1420 Christi
1943 1356 2204 1420 non-de-

451 1446 555 1506 bet
583 1442 887 1503 transferri
919 1442 979 1502 in
1010 1463 1164 1524 opus
1200 1440 1539 1503 sacerdotis.
1624 1441 1868 1503 Diserte
1905 1440 2068 1503 enim
2111 1438 2205 1502 di-

448 1528 550 1601 cit,
590 1525 731 1587 Una
772 1524 1071 1587 oblatione
1112 1533 1350 1586 sanctos
1393 1533 1832 1586 consummatos
1874 1545 2019 1587 esse.
2102 1520 2203 1585 Ad

449 1611 581 1671 haec
612 1609 692 1668 im
745 1608 869 1669 ium
902 1619 995 1668 est
1026 1607 1331 1682 fiduciam,
1359 1630 1495 1688 quae
1523 1607 1632 1668 niti
1663 1607 1847 1669 debet
1885 1608 2017 1691 ipsa
2131 1628 2205 1668 n-

449 1691 629 1755 tificis
673 1631 901 1751 &bristi
943 1690 1247 1750 oblatione
1296 1701 1358 1750 et
1401 1690 1844 1766 intercessione,
1885 1701 2049 1751 tram
2074 1710 2205 1751 erre

451 1777 512 1836 in
541 1796 579 1834 o
627 1796 696 1834 us
727 1771 1067 1834 sacerdotis.

533 1797 828 1918 'Ignium
875 1855 949 1917 In
975 1854 1352 1916 institutione
1380 1875 1573 1916 coenae
1592 1852 1850 1916 Domini
1880 1874 2005 1916 non
2036 1876 2207 1916 man-

450 1939 555 2001 dat
602 1939 881 2000 Christus
926 1948 997 1999 ut
1040 1938 1293 1999 offerant
1341 1936 1677 1997 sacerdotes
1722 1960 1834 2030 pro
1881 1937 2012 1998 aliis
2052 1935 2205 1998 vivis

452 2045 523 2084 ac
566 2021 836 2083 mortuis.
921 2021 1062 2089 Qua
1103 2020 1287 2102 igitur
1327 2019 1663 2094 autoritate,
1693 2019 1803 2080 luc
1835 2019 2033 2082 cultus
2072 2030 2208 2081 tan-

453 2127 635 2187 quam
675 2103 901 2164 oblatio
939 2125 1049 2186 pro
1087 2102 1370 2185 peccatis,
1397 2102 1526 2162 sine
1556 2101 1842 2164 mandato
1868 2101 1990 2164 Dei
2016 2100 2082 2163 in
2111 2122 2210 2164 eo-

457 2188 635 2249 clesia
666 2186 978 2247 institutus
1007 2186 1136 2247 est?
1925 2240 1928 2243 .

539 2270 746 2331 Multo
786 2270 1098 2331 absurdius
1138 2279 1246 2342 est,
1274 2266 1437 2348 quod
1476 2267 1660 2329 missa
1696 2267 2004 2330 confertur
2034 2265 2109 2329 ad
2138 2265 2212 2328 li·

454 2352 745 2414 berandas
776 2353 1007 2414 animas
1040 2362 1434 2412 mortuorum.
1519 2351 1685 2411 Nam
1716 2350 1899 2411 missa
1933 2348 2210 2411 instituta

454 2448 546 2496 est
576 2435 649 2495 ad
681 2434 1175 2509 recordationem,
1203 2433 1320 2493 hoc
1347 2444 1458 2507 est,
1489 2445 1559 2493 ut
1595 2444 1833 2494 utentes
1871 2454 2048 2494 coena
2076 2430 2210 2494 Do-

457 2517 608 2579 mini
639 2516 1048 2577 recordatione
1079 2515 1352 2577 beneficii
1385 2514 1612 2576 Christi
1643 2515 1877 2598 erigant
1901 2524 1967 2576 et
1990 2515 2211 2577 confir-

458 2611 626 2661 ment
659 2599 861 2671 fidem,
892 2610 953 2659 et
982 2599 1368 2660 consolentur
1395 2598 1789 2659 conscientias
1828 2596 2213 2681 perterrefac-

456 2693 568 2743 tas.
654 2681 789 2743 Nec
835 2682 1015 2742 missa
1053 2680 1380 2742 satisfactio
1407 2692 1500 2741 est
1573 2703 1638 2742 ro
1667 2703 1873 2764 poena,
1898 2679 2002 2742 sed
2038 2679 2212 2742 insti-

460 2775 592 2826 tuta
618 2775 711 2825 est
739 2776 982 2847 propter
1003 2763 1415 2826 remissionem
1441 2703 1653 2858 συξη,
1676 2763 1974 2837 videlicet,
1993 2784 2121 2824 non
2141 2773 2213 2824 ut

460 2848 538 2908 sit
566 2846 891 2908 satisfactio
918 2869 1027 2930 pro
1056 2847 1254 2930 culpa,
1283 2846 1387 2907 sed
1418 2859 1484 2908 ut
1513 2859 1591 2908 sit
1619 2857 2062 2908 sacramentum
2087 2866 2213 2928 quo

458 2940 696 2991 utentes
727 2929 1160 2991 admoneamur
1190 2929 1464 2991 beneficii
1497 2930 1725 2992 Christi
1755 2941 1818 2991 et
1843 2927 2212 2991 remissionis

460 3013 673 3096 culpae.
758 3012 920 3074 Cum
968 3012 1152 3095 igitur
1196 3012 1296 3073 illa
1349 3013 1677 3096 applicatio
1722 3034 1915 3076 coenoe
1953 3010 2213 3075 Domini

459 3094 534 3156 ad
581 3105 849 3157 mortuos
898 3094 1238 3157 liberandos
1288 3095 1415 3157 sine
1453 3096 1776 3180 Scripturae
1828 3093 2212 3169 authoritate,

461 3178 586 3239 imo
628 3189 837 3240 contra
873 3178 1269 3261 scripturam,
1304 3191 1542 3262 recepta
1584 3180 1681 3251 sit,
1718 3176 2074 3241 damnanda*
2100 3185 2212 3250 ent,

461 3273 749 3342 tanquam
783 3283 974 3323 novus
1002 3273 1063 3323 et
1092 3262 1317 3345 impius
1347 3262 1565 3324 cultus.
1904 3303 1910 3308 -
1967 3332 1975 3342 ,

548 3344 868 3413 Quartum.
952 3343 1311 3407 Ceremonia
1360 3345 1488 3406 sine
1532 3343 1652 3406 fide
1694 3345 1757 3406 in
1793 3343 1977 3406 Novo
1999 3338 2212 3402 Testa·

460 3438 664 3486 mento
713 3426 865 3488 nihil
927 3438 1189 3490 meretur
1238 3450 1352 3490 nec
1397 3427 1664 3501 facienti,
1703 3446 1821 3489 nec
1860 3417 2010 3486 aliis.
2092 3419 2210 3483 Est

457 3507 618 3567 enim
662 3531 812 3590 opus
853 3509 1382 3590 mortuum‚juxta
1421 3509 1570 3571 illud
1600 3506 1851 3582 Christi,
1880 3503 2038 3566 Vm‘
2064 3502 2211 3565 ado-

453 3597 693 3649 ratores
737 3591 1081 3653 adorabunt
1124 3592 1384 3654 Patrem
1433 3593 1497 3653 in
1541 3590 1766 3671 spis—itu
1816 3595 1879 3650 et
1927 3587 2208 3650 unitate.
