2418 4172
807 638 1472 728 εΕΝΤΕΝΤΙΑ
1544 645 1974 710 sYNom

1355 828 1423 860 DE

964 973 1819 1028 REMONSTRANTIBUS.

1160 1156 1617 1199 *—

517 1305 1032 1388 EXPLICATA
1075 1326 1386 1400 haetenus,
1428 1338 1489 1387 et
1531 1337 1770 1402 asserta,
1813 1349 1920 1410 per
1959 1326 2080 1390 Dei
2130 1348 2262 1411 gn-

515 1411 682 1483 tiam,
711 1409 977 1485 veritate,
1004 1410 1299 1470 erroribus
1330 1409 1584 1488 rejectis,
1606 1421 1667 1470 et
1694 1409 2017 1485 damnatis,
2038 1411 2261 1472 abster-

516 1492 594 1553 sis
644 1492 868 1573 iniquis
910 1491 1265 1562 calumniis;
1324 1494 1624 1554 SYNoDus
1668 1512 1816 1554 ΗΕΘ
1860 1491 2260 1555 Domazen-

513 1595 680 1635 TANA
733 1577 894 1656 (quae
942 1575 1054 1659 ipsi
1098 1597 1274 1658 porro
1317 1597 1458 1636 cura
1500 1579 1793 1658 superest)
1833 1577 2006 1651 serio,
2033 1575 2259 1637 obnixe

515 1668 576 1717 et
603 1679 712 1739 pro
741 1659 1108 1728 auctoritate,
1140 1679 1325 1739 quam
1354 1679 1430 1718 ex
1460 1657 1579 1718 Dei
1602 1660 1784 1719 verbo
1806 1658 1868 1719 in
1890 1657 2098 1720 omnia
2125 1679 2260 1719 sua-

515 1761 646 1800 rum
679 1739 1084 1801 Ecclesiarum
1111 1741 1381 1800 membra
1401 1740 1652 1811 obtinet,
1674 1741 1737 1800 in
1759 1741 1987 1802 Christi
2010 1740 2259 1803 nomine

515 1832 703 1903 rogat,
747 1821 1037 1894 hortatur,
1081 1833 1304 1895 monet,
1342 1832 1521 1902 atque
1565 1821 1827 1904 injungit
1867 1822 2154 1885 omnibus
2196 1832 2259 1883 et

515 1903 765 1986 singulis
796 1904 858 1963 in
882 1904 1202 1964 Foederato
1222 1903 1440 1985 Belgio
1461 1903 1868 1965 Ecclesiamm
1893 1906 2257 1975 pastoribus,

514 1986 953 2047 academiarum
991 1997 1051 2046 et
1090 1985 1428 2046 scholarum
1459 1984 1850 2059 Doctoribus,
1879 1986 2258 2061 Rectoribus,

513 2080 574 2130 et
604 2068 931 2149 Magistris,
954 2078 1135 2149 atque
1165 2067 1314 2127 adeo
1335 2067 1620 2127 omnibus
1642 2067 1706 2127 in
1730 2069 2099 2142 universum,
2122 2069 2260 2152 qni-

514 2152 625 2211 bus
656 2151 747 2212 vel
780 2150 1112 2211 animarum
1146 2171 1306 2224 cura,
1335 2150 1429 2210 vel
1451 2149 1790 2230 juventutis
1818 2150 2137 2233 disciplina
2163 2162 2257 2213 est

511 2232 894 2307 demandata,
912 2245 980 2294 ut
1001 2232 1198 2293 missis
1220 2231 1489 2313 quinque
1512 2232 1669 2294 notis
1691 2232 2251 2296 Remonstrantium

510 2316 815 2390 Articulis,
844 2315 947 2397 qui
985 2326 1046 2376 et
1081 2315 1308 2376 erronei
1350 2325 1511 2389 sunt,
1539 2325 1600 2376 et
1628 2337 1790 2377 mera
1819 2337 2085 2378 errorum
2121 2316 2258 2377 lati·

511 2398 671 2473 bula,
712 2399 871 2459 hanc
905 2420 1118 2466 sanam
1166 2397 1428 2459 veritatis
1472 2398 1742 2459 salutaris
1784 2398 2139 2471 doctrinam,
2178 2419 2256 2460 ex

511 2480 846 2563 purissimis
890 2481 1049 2541 verbi
1095 2479 1282 2541 divini
1319 2480 1588 2541 fontibus
1620 2481 1916 2556 haustam,
1942 2482 2256 2554 sinceram,

511 2573 573 2623 et
615 2563 979 2632 inviolatam,
1023 2584 1131 2644 pro
1178 2563 1398 2622 viribus
1448 2574 1509 2622 et
1556 2584 1803 2623 munere
1849 2584 1975 2638 suo,
2017 2585 2254 2624 conser-

511 2657 690 2706 vent:
737 2645 899 2706 illam
932 2644 1158 2728 populo
1187 2656 1248 2704 et
1261 2643 1571 2723 juventuti
1601 2643 1856 2708 fideliter
1894 2656 1956 2708 et
1992 2645 2252 2729 pruden-

510 2739 601 2788 ter
628 2739 970 2811 proponant
997 2738 1058 2787 et
1086 2725 1427 2810 explicent;
1471 2748 1767 2809 usumque
1806 2727 1935 2808 ejus
1978 2727 2254 2790 suavissi-

511 2831 678 2870 mum
711 2822 891 2891 atque
919 2809 1326 2883 utilissimum,
1356 2821 1485 2870 tum
1517 2809 1576 2871 in
1611 2810 1751 2885 vita,
1779 2822 1909 2875 tum
1940 2809 2003 2872 in
2038 2822 2251 2886 morte,

510 2893 831 2973 diligenter
871 2892 1213 2954 declarentt
1258 2902 1517 2952 errantes
1560 2914 1635 2953 ex
1680 2914 1878 2975 grege,
1906 2915 2075 2955 secus
2118 2915 2253 2955 sen-

510 2976 746 3048 tientes,
763 2987 824 3036 et
853 2975 1210 3057 opinionum
1241 2973 1503 3035 novitate
1534 2976 1673 3035 abre
1720 2988 1833 3050 tos,
1846 2977 2109 3039 veritatis
2130 2977 2251 3045 evi-

509 3057 715 3119 dentia
747 3069 1060 3119 mansuete
1089 3056 1382 3127 erudiant,
1412 3057 1458 3117 si
1490 3079 1649 3139 quan
1694 3081 1731 3118 o
1768 3058 1870 3120 det
1907 3058 2054 3143 ipsis
2079 3058 2251 3120 Deus

508 3141 1000 3225 resipiscentiam,
1021 3140 1093 3201 ad
1118 3140 1556 3223 agnoscendam
1578 3140 1910 3203 veritatem:
1940 3152 2010 3203 ut
2030 3141 2248 3203 saniori

510 3223 695 3285 menti
741 3222 975 3295 redditi,
1016 3245 1139 3284 uno
1182 3222 1416 3305 spiritu,
1460 3245 1579 3297 ore,
1618 3223 1756 3295 fide,
1795 3224 2100 3299 charitate,
2127 3222 2248 3286 Ec-

508 3307 701 3367 clesioe
733 3305 871 3379 Dei,
898 3318 959 3366 et
1002 3319 1342 3367 sanctorum
1389 3307 1824 3381 communioni,
1853 3306 2052 3367 denuo
2081 3328 2250 3370 acce-

506 3389 691 3458 dant;
741 3402 919 3470 atque
962 3388 1203 3449 tandem
1251 3387 1543 3449 coalescat
1585 3389 1802 3450 vulnus
1846 3388 2151 3463 Ecclesioe,
2185 3399 2248 3450 et

508 3473 610 3531 fiat
653 3472 927 3532 omnium
973 3471 1100 3551 ejus
1146 3472 1551 3531 membrorum
1598 3492 1699 3532 cor
1737 3493 1922 3532 unum
1955 3483 2016 3533 et
2044 3469 2246 3532 anima

507 3575 625 3613 una
656 3554 715 3614 in
751 3552 1039 3619 Domino·

470 3686 488 3694 -
588 3637 671 3694 At
699 3657 856 3709 vero,
883 3637 1022 3715 quia
1068 3635 1337 3697 nonnulli
1377 3658 1410 3696 e
1453 3636 1623 3697 nobis
1663 3634 1900 3718 egressi,
1928 3634 2040 3695 sub
2068 3633 2245 3695 titulo
