2418 4172
0 884 18 1029 ξ

792 335 1339 391 HELVETICA.
1856 339 1924 393 61

182 479 441 624 luslAct.
469 500 572 540 xx.
604 491 640 541 2
665 477 805 540 Cor.
832 479 912 539 xi.
942 491 1005 539 et
1034 491 1071 539 2
1100 477 1312 538 Thess.
1343 475 1404 537 ii.
1432 489 1494 537 et
1529 477 1657 538 aliis
1686 500 1931 561 quoque

181 583 246 624 m
266 583 521 707 Soucblato
570 654 770 704 autem
824 665 893 703 ca
939 642 1021 703 ite
1072 642 1372 714 Romano,
1421 640 1648 701 nullam
1700 641 1933 703 induci-

153 747 322 789 >mus
372 727 432 788 in
483 724 796 787 ecclesiam
843 726 895 785 C
946 724 1070 786 risti
1119 725 1348 797 ἀταξίαν,
1390 723 1481 783 vel
1538 725 1933 806 perturbatio-

184 830 368 872 nem:
419 830 561 879 cum
619 808 941 870 doceamus
991 806 1487 889 gubernationem
1539 806 1805 867 ecclesioe
1855 808 1932 867 ab

185 891 471 976 apostolis
506 890 786 951 traditam
826 890 1000 951 nobis
1036 889 1307 950 sufficere
1345 888 1418 948 ad
1457 888 1831 950 retinendam
1872 891 1932 948 in

174 974 347 1057 justo
385 972 595 1036 ordine
637 973 971 1047 ecclesiam,
1012 995 1150 1053 quae
1194 973 1271 1032 ab
1311 971 1502 1044 initio,
1530 971 1675 1032 dum
1725 970 1934 1051 liujus-

188 1055 355 1121 modi
397 1056 597 1139 capitc
632 1056 911 1117 Romano
938 1055 1115 1136 quale
1156 1054 1333 1115 hodie
1372 1054 1592 1115 dicitur
1619 1054 1930 1114 ecclesiam

187 1160 535 1203 conservare
576 1139 637 1199 in
678 1138 907 1212 ordine,
934 1139 1144 1210 caruit,
1174 1137 1425 1198 atactica
1463 1137 1555 1197 vel
1602 1136 1938 1197 inordinata

187 1244 311 1287 non
339 1221 472 1284 fuit.
556 1222 767 1283 Servat
794 1221 1040 1302 quidem
1073 1233 1256 1302 caput
1287 1220 1631 1280 Romanum
1672 1233 1697 1280 t
1742 1219 1939 1280 ranni-

191 1304 331 1368 dem
370 1326 563 1376 suam,
590 1318 651 1364 et
689 1304 1085 1386 corruptelam
1134 1302 1438 1363 inductam
1486 1303 1546 1363 in
1589 1325 1693 1364 ecc
1718 1303 1935 1363 esiam:

194 1386 300 1450 sed
329 1386 583 1469 impedit
613 1387 871 1461 interim,
896 1398 1227 1469 oppugnat,
1255 1396 1316 1446 et
1354 1385 1595 1466 quantis
1622 1397 1822 1468 potest
1849 1384 1937 1446 vi·

191 1470 357 1533 ribus
382 1468 680 1532 exscindit
694 1471 924 1548 justam
953 1469 1221 1529 ecclesiae
1251 1467 1754 1529 reformationem.

275 1551 579 1631 objicitur
606 1552 778 1611 nobis
807 1551 969 1612 varia
1004 1573 1133 1611 esse
1162 1551 1221 1610 in
1258 1551 1522 1611 ecclesiis
1556 1550 1775 1611 nostris
1815 1558 1942 1611 cer-'

190 1633 421 1698 nmina
453 1646 634 1714 atque
661 1633 924 1706 dissidia,
952 1645 1342 1725 posteaquam
1376 1655 1439 1692 se
1469 1654 1503 1692 a
1532 1631 1811 1692 Romana
1850 1654 1941 1691 se-

190 1726 476 1801 pararunt
521 1715 791 1789 ecclesia,
845 1714 1097 1797 proinde
1153 1736 1275 1774 non
1330 1736 1460 1774 esse
1515 1735 1615 1772 eas
1664 1713 1941 1774 ecclesias

192 1819 380 1870 veras.
461 1798 648 1867 Quasi
693 1819 833 1857 vero
874 1797 1056 1858 nullae
1095 1818 1360 1877 unquam
1402 1796 1625 1856 fuerint
1660 1798 1723 1856 in
1753 1796 1943 1856 eccle-

192 1881 283 1945 sia
312 1881 585 1943 Romana
614 1892 810 1955 sectae,
838 1881 1003 1940 nulla
1034 1901 1302 1959 unquam
1332 1878 1578 1940 dissidia
1606 1890 1786 1959 atque
1815 1901 1942 1939 cer-

193 1964 441 2037 tamina,
468 1977 530 2024 et
568 1963 812 2044 quidem
853 1963 929 2023 de
959 1963 1267 2044 religione,
1293 1984 1414 2023 non
1454 1974 1579 2022 tam
1614 1962 1673 2021 in
1705 1961 1945 2036 scholis,

193 2069 379 2128 quam
420 2046 479 2107 in
511 2046 808 2107 cathedris
838 2046 1036 2118 sacris,
1066 2047 1124 2105 in
1167 2044 1366 2106 medio
1400 2045 1609 2127 populi
1650 2045 1941 2105 instituta.

194 2129 599 2212 Agnoscimus
655 2151 797 2189 sane
851 2128 1074 2188 dixisse
1118 2128 1503 2210 Apostolum,
1552 2146 1575 2187 1
1633 2127 1772 2188 Cor.
1823 2127 1942 2187 xiV.

197 2212 378 2275 Deus
403 2233 524 2273 non
553 2220 642 2273 est
663 2212 843 2272 Deus
870 2211 1268 2284 dissensionis,
1294 2210 1407 2271 sed
1419 2210 1614 2291 pacis.
1656 2209 1759 2283 Et,
1795 2209 1946 2270 Cum

195 2296 280 2362 sit
314 2295 379 2356 in
414 2294 580 2356 vobis
613 2294 915 2356 mulatio
951 2302 1011 2354 et
1048 2294 1358 2366 contentiO,
1394 2314 1473 2353 an
1511 2315 1628 2353 non
1667 2290 1943 2353 carnales

197 2378 404 2440 estis?
440 2377 640 2458 negari
669 2389 871 2437 tamen
913 2397 1031 2435 non
1067 2387 1282 2457 potest,
1309 2375 1514 2436 Deum
1545 2375 1728 2436 fuisse
1757 2374 1822 2435 in
1850 2396 1947 2435 ec-

196 2458 379 2523 clesia
436 2459 783 2542 apostolica,
837 2473 898 2520 et
951 2458 1340 2542 apostolicam
1401 2457 1714 2518 ecclesiam
1765 2457 1948 2518 fuisse

197 2542 510 2606 ecclesiam
543 2564 766 2613 veram,
795 2542 855 2602 in
886 2563 1006 2622 qua
1042 2553 1244 2601 tamen
1288 2539 1532 2601 fuerunt
1559 2539 1952 2600 concertatio·

200 2648 307 2689 nes
325 2637 389 2686 et
405 2624 667 2686 dissidia.
712 2624 1128 2707 Reprehendit
1155 2624 1316 2684 enim
1338 2623 1584 2684 Petrum
1608 2622 1945 2705 apostolum

199 2707 507 2792 apostolus
553 2708 794 2781 Paulus»,
834 2709 912 2768 ab
952 2708 1067 2768 hoc
1105 2705 1356 2767 dissidet
1389 2706 1718 2778 Barnabas,
1751 2706 1950 2765 Galat.

201 2791 262 2852 ii.
323 2791 447 2851 Act
501 2811 600 2851 xv,
652 2791 974 2851 Certamen
1034 2812 1211 2872 grave
1267 2789 1531 2849 exoritur
1586 2788 1645 2847 in
1705 2786 1952 2848 ecclesia

198 2871 602 2948 Antiochena,
645 2873 799 2934 inter
839 2896 940 2934 eos
988 2873 1091 2954 qui
1144 2894 1332 2934 unum
1380 2870 1692 2931 Christum
1743 2868 1955 2951 praedi-

201 2956 454 3022 cabant:
497 2956 653 3018 sicut
680 2968 1117 3017 commemorat
1143 2954 1429 3017 Lucas'in
1453 2953 1624 3014 Actis
1648 2951 1954 3034 Apostoli-

204 3037 290 3099 cis
329 3059 461 3120 cap.
489 3059 585 3100 xv.
626 3039 849 3113 Gravia
885 3061 1123 3121 semper
1159 3038 1402 3098 fuerunt
1441 3036 1501 3096 in
1540 3035 1791 3096 ecclesia
1830 3056 1955 3095 cer-

205 3119 452 3194 tamina,
476 3133 541 3182 ct
573 3121 980 3183 dissenserunt
1019 3127 1174 3181 inter
1214 3142 1296 3193 se,
1324 3119 1400 3180 de
1438 3119 1614 3178 rebus
1654 3139 1772 3176 non
1811 3115 1955 3177 levi-

206 3204 340 3276 bus,
365 3201 637 3264 doctores
675 3204 944 3265 ecclesiae
984 3202 1443 3286 praeclarissimi,
1477 3213 1544 3260 ut
1581 3222 1654 3260 ex
1691 3199 1783 3259 his
1813 3220 1955 3260 con·

206 3283 578 3347 tentionibus
623 3284 859 3347 interim
905 3286 1156 3347 ecclesia
1199 3307 1319 3344 non
1367 3283 1425 3343 id
1466 3305 1593 3342 esse
1637 3280 1953 3355 desineret,

206 3366 370 3449 quod
400 3378 543 3427 erat.
629 3366 726 3427 Ita
753 3368 916 3428 enim
947 3368 1142 3448 placet
1170 3366 1326 3436 Deo,
1360 3363 1619 3424 dissidiis
1647 3362 1952 3424 ecclesias-

206 3450 342 3513 ticis
387 3450 495 3524 uti,
540 3448 615 3510 ad
660 3449 910 3530 gloriam
944 3449 1209 3529 nom-inis
1261 3447 1374 3520 sui,
1418 3446 1492 3507 ad
1538 3445 1954 3508 illustrandam

208 3533 471 3615 denique
500 3533 832 3607 veritatem,
860 3543 921 3592 et
962 3542 1028 3592 ut
1058 3531 1161 3612 qui
1201 3529 1431 3613 probati
1472 3539 1642 3602 sunt„
1660 3527 1957 3612 manifesti

210 3618 375 3678 fiant.
460 3614 768 3676 Caeterum
800 3626 867 3676 ut
896 3636 1016 3675 non
1047 3614 1429 3696 agnoscimus
1461 3609 1621 3673 aliud
1652 3622 1835 3694 caput
1864 3634 1961 3672 ec-
2006 3688 2014 3692 ι

1675 3776 1707 3788 l
