2418 4172
656 293 1205 349 AUGUSTANA
1258 290 1512 346 MDXL.
1847 293 1952 351 189

214 435 568 501 Constantia
607 447 934 519 martyrum
975 447 1243 497 veterum
1275 455 1436 496 nunc
1463 452 1705 512 quoque
1733 437 1951 496 confir-

212 517 615 583 matanimos
661 519 918 601 piorum.
1003 517 1099 580 Ad
1145 517 1302 578 hanc
1343 514 1666 577 utilitatem
1706 516 1951 577 recitare

214 601 490 665 historias
520 600 664 661 utile
694 612 804 674 est,
826 599 927 661 sed
959 613 1160 661 tamen
1191 596 1506 681 prudentia
1526 596 1589 656 in
1611 618 1952 657 accommo-

211 682 423 746 dandis
452 683 747 765 exemplis
775 702 927 763 opus
955 695 1063 742 est.

298 766 453 828 Haec
481 786 720 826 summa
747 775 838 824 est
866 763 1153 823 doctrinae
1183 784 1315 842 quae
1347 761 1407 821 in
1438 759 1704 821 ecclesiis
1734 762 1950 822 nostris

211 848 480 911 traditur.
564 846 649 907 Et
688 856 1147 907 consentaneam
1189 866 1316 905 esse
1340 842 1688 922 judicamus
1721 855 1781 903 et
1816 866 1954 926 pro-

209 930 465 1014 pheticoe
508 951 579 990 ac
627 928 968 1011 apostolicae
1020 927 1345 1008 scripturae,
1391 936 1451 986 et
1500 925 1811 986 catholicae
1854 949 1951 987 ec-

209 1012 441 1082 clesiae3
484 1022 789 1094 postremo
817 1010 996 1070 etiam
1029 1009 1319 1070 Romanae
1349 1008 1633 1081 ecclesiae,
1654 1020 1949 1089 quatenus

208 1116 283 1165 ex
313 1094 576 1178 probatis
607 1093 994 1176 scriptoribus
1026 1103 1166 1152 nota
1194 1103 1301 1151 est.
1373 1092 1577 1171 Atque
1607 1090 1763 1151 idem
1785 1090 1952 1170 judi-

209 1189 444 1240 caturos
485 1198 614 1238 esse
652 1198 959 1258 speramus
989 1197 1199 1236 omnes
1233 1175 1420 1233 bonos
1449 1186 1510 1234 et
1537 1173 1744 1234 doctos
1774 1173 1948 1234 viros.

207 1258 358 1323 Non
398 1258 559 1320 enim
603 1279 993 1341 aspernamur
1030 1278 1385 1319 consensum
1423 1255 1733 1316 catholicae
1763 1257 1952 1317 eccle-

210 1341 331 1418 sioe,
356 1363 469 1403 nec
509 1353 601 1403 est
644 1341 878 1401 animus
922 1339 1092 1399 nobis
1137 1340 1324 1399 ullum
1371 1360 1592 1399 novum
1635 1337 1712 1398 do
1760 1360 1855 1399 ma
1890 1350 1952 1399 et

210 1424 228 1484 i
315 1436 485 1486 otum
554 1434 773 1484 sanctae
836 1422 1099 1483 ecclesiae
1161 1422 1440 1481 invehere
1496 1421 1556 1480 in
1616 1361 1949 1481 ecciesiam.

274 1528 345 1567 ec
391 1505 751 1588 patrocinari
808 1504 1010 1585 impiis
1061 1516 1165 1564 aut
1222 1503 1513 1563 seditiosis
1565 1503 1950 1584 opinionibus

208 1589 505 1660 volumus,
551 1609 700 1667 quas
746 1586 1041 1646 catholica
1090 1586 1341 1646 ecclesia
1390 1584 1717 1644 damnavit.
1801 1584 1949 1644 Non

206 1669 368 1732 enim
411 1668 651 1730 adducti
689 1688 871 1749 prava
898 1666 1246 1748 cupiditate,
1276 1665 1376 1725 sed
1408 1666 1599 1725 coacti
1631 1666 1950 1725 autoritate

205 1752 372 1813 verbi
408 1751 529 1812 Dei
573 1761 635 1811 et
677 1749 890 1810 veteris
933 1747 1214 1821 ecclesiae,
1244 1747 1504 1829 amplexi
1550 1769 1756 1807 sumus
1794 1748 1951 1808 banc

206 1832 564 1907 doctrinam,
592 1843 662 1894 ut
690 1832 876 1914 gloria
903 1831 1022 1892 Dei
1053 1832 1223 1891 fieret
1263 1830 1561 1901 illustrior,
1589 1841 1651 1890 et
1680 1831 1952 1891 consule-

207 1928 370 1986 retur
410 1916 524 1999 piis
570 1915 874 1976 mentibus
921 1914 981 1973 in
1028 1913 1301 1989 universa
1345 1913 1612 1973 ecclesia.
1698 1911 1951 1973 Constat

207 1999 369 2061 enim
415 1999 730 2080 plerosque
773 1998 993 2056 abusus
1036 1995 1337 2077 irrepsisse
1380 1995 1441 2054 in
1480 1995 1814 2069 ecclesiam,
1844 1996 1948 2075 qui

207 2080 628 2142 emendatione
673 2101 824 2161 opus
875 2078 1115 2138 habent.
1202 2077 1286 2136 Et
1333 2099 1471 2138 cum
1523 2089 1767 2170 propter
1822 2078 1951 2158 glo-

206 2163 357 2224 riam
388 2162 637 2236 Christi,
657 2173 786 2222 tum
818 2171 1061 2244 propter
1088 2159 1339 2220 salutem
1371 2181 1645 2220 omnium
1676 2159 1949 2242 gentium

208 2246 474 2307 maxime
511 2257 812 2386 optamus,
839 2255 908 2303 ut
946 2242 1263 2324 diligenter
1299 2241 1556 2323 cognitis
1593 2242 1684 2302 his
1713 2254 1952 2303 contro-

206 2328 412 2393 versiis
446 2350 552 2388 ecc
577 2326 698 2387 esia
731 2337 1100 2408 repurgetur,
1129 2337 1191 2386 et
1219 2325 1295 2385 ab
1325 2324 1396 2385 iis
1427 2324 1710 2385 abusibus
1740 2325 1951 2387 libere-

204 2420 322 2486 tur,
349 2410 454 2503 qui
496 2408 860 2470 dissimulari
902 2430 1026 2468 non
1066 2418 1339 2490 possunt,
1370 2428 1554 2488 quam
1588 2407 1668 2467 ob
1704 2430 1944 2469 causam

205 2490 309 2555 diu
348 2515 480 2574 Jam
533 2514 742 2553 omnes
793 2490 934 2551 boni
992 2491 1101 2551 viri
1154 2490 1215 2550 in
1265 2489 1547 2550 omnibus
1606 2490 1948 2550 nationibus

206 2587 500 2658 expetunt
554 2573 877 2658 synodum,
920 2572 1091 2653 cujus
1149 2571 1395 2653 quidem
1455 2594 1622 2665 spem
1683 2572 1947 2653 aliquam

207 2657 566 2719 clementiss.
610 2658 933 2739 imperator
987 2655 1271 2716 omnibus
1328 2655 1610 2736 gentibus
1667 2655 1946 2715 ostendit.

209 2737 416 2800 Faciet
453 2739 636 2821 igitur
671 2740 995 2822 imperator
1031 2761 1156 2799 rem
1198 2738 1612 2820 dignissimam
1646 2760 1751 2797 sua
1781 2759 1949 2818 mag-

209 2820 488 2882 nitudine
526 2835 587 2882 et
621 2821 949 2895 foelicitate,
977 2832 1038 2882 et
1065 2831 1409 2904 exoptatam
1443 2819 1729 2879 universae
1759 2820 1949 2880 eccle-

209 2901 331 2976 siae,
359 2902 409 2963 si
452 2902 517 2963 in
560 2902 789 2985 synodo
831 2903 1169 2986 permiserit
1201 2902 1501 2983 judicium
1530 2900 1605 2961 de
1639 2901 1822 2961 tantis
1856 2923 1947 2961 re·

116 3027 124 3037 -
210 2985 342 3059 bus,
370 3006 489 3046 non
529 2985 645 3045 illis
728 2985 788 3045 ui
825 2985 1086 3079 privatos
1125 2986 1368 3047 affectus
1399 2985 1463 3044 in
1491 2983 1810 3044 consilium
1841 2982 1963 3044 ad-‘

209 3066 441 3140 hibent,
484 3066 586 3128 sed
629 3006 872 3128 delectis
916 3068 1031 3161 piis
1073 3078 1135 3128 et
1174 3067 1366 3128 doctis
1409 3066 1567 3139 viris,
1596 3066 1698 3147 qui
1742 3065 1946 3147 gloriae

208 3148 456 3222 Christi,
498 3161 561 3209 et
609 3148 784 3210 saluti
831 3171 1116 3211 universae
1164 3149 1433 3210 ecclesiae
1484 3148 1793 3209 consulere
1843 3152 1947 3209 cu÷

253 3231 396 3292 iant.
483 3230 638 3291 Haec
680 3242 770 3291 est
811 3230 1029 3293 usitata
1068 3243 1130 3292 et
1171 3231 1443 3313 legitima
1475 3230 1570 3290 via
1605 3230 1665 3289 in
1695 3229 1946 3292 ecclesia

205 3254 526 3375 girimendi
569 3313 987 3385 dissensiones,
1014 3312 1293 3374 videlicet
1330 3312 1405 3373 ad
1442 3311 1703 3393 synodos
1731 3310 1946 3374 referre

206 3395 635 3458 controversias
662 3394 1108 3459 ecclesiasticas.
1960 3445 1963 3450 ,

291 3478 482 3541 Hunc
524 3499 753 3540 morem
810 3477 1062 3539 servavit
1102 3474 1375 3538 Ecclesia
1427 3475 1565 3537 inde
1620 3498 1813 3559 usque
1866 3477 1945 3541 ab

206 3561 508 3645 apostolis.
590 3561 677 3623 Et
710 3558 1185 3644 praesmntissimi
1227 3558 1613 3642 imperatores
1648 3558 1947 3623 conatam

1641 3771 1674 3784 l
