2418 4172
522 398 632 452 322
1152 392 1642 449 coNFEsslo

526 541 742 603 docens
763 537 1172 623 Evangelium
1199 536 1267 598 in
1289 536 1571 599 Ecclesia
1594 534 1748 633 Dei,
1771 535 1837 596 in
1862 533 2099 620 inclyta
2122 534 2275 598 urbe

525 624 967 708 Argentorato,
995 642 1182 682 manu
1214 621 1473 717 propria
1512 619 1887 700 subscr-apat,
1913 626 1986 680 ut
2024 639 2150 681 una
2165 619 2275 718 ‘sit

522 699 2274 886 iiio'ssgissmi‘qss'ssoffssfissffff‘eqz'ssffl'iffifffffflmm}

521 874 953 1040 ἕῑβέἴεξῑε
998 866 2275 1048 emmeram&

526 1039 695 1120 apud
719 1039 810 1099 D.
845 1037 1133 1098 Thomam
1160 1035 1587 1118 Argentorati.
1655 1032 2036 1095 Theobaldus
2063 1033 2275 1117 Nigri,

525 1122 803 1184 minister
835 1121 901 1179 in
929 1118 1109 1179 Evan
1118 1116 1275 1177 celio
1311 1118 1544 1179 Christi
1561 1115 1862 1179 Ecclesiae
1881 1116 2273 1200 Argentora-

521 1205 722 1266 tensis.
808 1201 1043 1262 Lucius
1071 1163 1359 1275 Ifiberus,
1386 1208 1625 1280 pastor.
1707 1198 2030 1260 «Iohannes
2060 1198 2274 1283 Leug-

522 1286 700 1347 linus.
786 1283 1133 1345 Ludovicus
1176 1282 1405 1343 Rabus.
1499 1280 1967 1362 Christophorus
2008 1280 2272 1343 Saeuinoe.

527 1367 858 1430 Cunradus
906 1365 1247 1428 Hubertus.
1346 1363 1747 1426 Leonlzardus
1794 1363 2110 1425 Fontanus
2162 1364 2275 1426 nui-

519 1453 731 1513 nister.

521 1670 1006 1735 SCRIPTUM
1037 1670 1460 1734 ministrorum
1501 1669 1920 1733 Ecclesiarum
1972 1667 2277 1737 citerioris

702 1754 1099 1828 Pomeraniae,
1125 1754 1385 1816 salutem
1416 1763 1477 1815 et
1494 1775 1712 1836 pacem
1742 1753 1808 1813 in
1842 1752 2105 1813 Christo.

609 1864 765 1925 C‘um
814 1863 1264 1925 illustrissimus
1301 1865 1589 1946 princeps
1620 1861 1946 1944 Philippus
1978 1861 2103 1923 dus
2138 1859 2275 1923 Ste-

521 1948 865 2020 tinensium,
907 1946 1307 2021 Pomeranioe,
1356 1946 1805 2018 Cassubiorum,
1837 1946 1947 2024 85c.
1996 1944 2274 2006 domums

519 2039 725 2092 noster
753 2029 1254 2091 clementissimus
1292 2023 1342 2090 α’
1366 2029 1537 2089 nobis
1555 2035 1817 2109 peteret,
1845 2034 1917 2087 ut
1932 2026 2119 2109 juxta
2146 2025 2274 2088 edi-

521 2122 680 2175 ctum
717 2111 1099 2193 invictissimi
1132 2111 1521 2193 imperatoris
1556 2110 1785 2185 Caroli,
1811 2130 2106 2171 summam
2137 2107 2275 2171 doc-

518 2197 693 2258 trina:
722 2218 852 2279 quae
879 2195 944 2255 in
973 2193 1238 2255 ecclesiis
1276 2202 1335 2254 et
1375 2193 1596 2255 scholis
1632 2194 1857 2254 nostris
1883 2213 2106 2277 magno
2134 2213 2274 2254 con-⁸

514 2301 697 2341 sensu
724 2279 1015 2352 traditur,
1039 2278 1204 2339 brevi
1228 2278 1455 2359 scripto
1486 2276 1991 2359 comprehensam,
2014 2296 2273 2360 congru-

521 2362 758 2424 entibus
800 2362 1065 2423 omnium
1107 2359 1434 2457 suffiagiis
1489 2360 1857 2422 Tridentino:
1904 2358 2134 2441 synodo
2180 2359 2272 2440 qfi

493 2445 820 2529 ferremus
844 2469 865 2505 .·
908 2466 1027 2505 non
1071 2452 1385 2526 gravatim
1435 2443 1503 2503 id
1542 2444 1792 2526 negotii,
1833 2442 1993 2524 quod
2028 2442 2274 2523 pietati,
2413 2492 2418 2510 ,

494 2527 783 2612 justitiae,
803 2535 863 2588 et
877 2534 1181 2607 praecepto
1199 2526 1328 2586 Dei
1355 2525 1613 2587 maxime
1635 2533 2093 2587 consentaneum
2117 2532 2271 2599 erat,
2406 2523 2418 2563 u·

515 2611 900 2692 suscepimus.
988 2607 1115 2668 Sed
1151 2629 1337 2705 quum
1381 2608 1449 2668 id
1487 2609 1668 2669 etiam
1719 2607 2023 2689 temporis,
2062 2614 2271 2668 vestra

518 2690 831 2778 confessio,
867 2690 1269 2752 illustrissimi
1308 2691 1613 2773 principis
1639 2690 1849 2775 jussu,
1891 2690 2064 2751 nobis
2106 2689 2273 2751 exhi.

518 2776 783 2849 beretur,
813 2797 887 2836 ac
915 2774 1532 2836 animadverteremus
1559 2773 1816 2835 recitari
1853 2774 1917 2834 in
1946 2794 2019 2834 ea
2048 2771 2270 2835 doctri-

516 2881 661 2920 nam
686 2879 914 2931 veram,
933 2858 1105 2939 piam
1134 2865 1194 2918 et
1219 2856 1555 2919 salutarem
1584 2855 1890 2931 Ecclesia,
1910 2855 2101 2937 plane
2131 2876 2270 2918 con-

513 2950 837 3026 gruentem
867 2962 1001 3003 cum
1027 2941 1271 3023 scriptis
1300 2940 1671 3038 propheticis
1700 2949 1761 3002 et
1788 2938 2153 3021 apostolicis,
2179 2938 2271 3000 vi-
2396 2995 2397 2998 ,

515 3047 651 3087 sum
701 3033 791 3087 est
838 3023 1109 3086 omnibus
1155 3023 1452 3085 ministris
1501 3032 1562 3085 et
1610 3022 1948 3085 doctoribus
1989 3020 2272 3084 ecclesia-

516 3131 676 3184 rum,
699 3108 808 3192 qui
844 3105 1264 3190 Grypswaldoe
1300 3115 1720 3183 convenerant,
1747 3115 1817 3168 ut
1853 3105 2135 3168 instituto
2177 3103 2272 3166 la-
2400 3113 2406 3124 ‘

517 3192 660 3254 bore
711 3192 1185 3275 supersedentes,
1234 3197 1499 3252 vestram
1549 3190 1997 3273 confessionem
2044 3188 2273 3251 nostris

516 3275 783 3337 omnium
813 3271 1143 3359 suffragiis
1181 3274 1718 3355 comprobaremus,
1748 3294 1824 3335 ac
1862 3279 1934 3335 ut
1974 3279 2267 3344 nostra-⁸,

515 3357 935 3420 illustrissimo
956 3356 1247 3439 principi,
1276 3364 1334 3419 et
1363 3356 1731 3419 Tridentium
1757 3354 1983 3440 synodo
2010 3350 2239 3440 afferre

516 3462 665 3502 mus.
756 3440 971 3507 Quare
1019 3440 1117 3502 lzic
1157 3438 1370 3521 palam
1413 3448 1730 3514 testamur,
1778 3446 1840 3501 et
1882 3459 1924 3500 a
2193 3455 2265 3495 us
2367 3455 2381 3466 ·

516 3545 720 3585 coram
750 3524 888 3585 Deo
930 3531 990 3585 et
1030 3523 1302 3585 omnibus
1336 3523 1567 3585 sanctis
1605 3524 1667 3584 in
1702 3520 1851 3584 coelo
1888 3526 1949 3582 et
1980 3518 2044 3579 in
2070 3524 2264 3592 terra,

516 3605 851 3668 doctrinam
894 3627 1033 3689 quae
1083 3608 1146 3667 in
1196 3613 1403 3667 vestra
1451 3603 1842 3689 Confessione
1878 3622 1927 3682 p
2128 3601 2263 3676 ‘tur,

516 3708 718 3749 verum
762 3695 821 3748 et
854 3695 1216 3769 perpetuum
1254 3709 1381 3749 esse
1417 3706 1759 3750 consensum
1805 3682 1982 3745 catho
2007 3682 2111 3746 icoe
2141 3682 2263 3746 Eo·
