2418 4172
537 356 645 409 258
1173 335 1651 411 coN'FEssm

620 497 719 560 Ex
752 497 843 559 his
870 498 1151 559 omnibus
1179 498 1362 559 etiam
1386 497 1636 581 intelligi
1659 510 1875 581 potest,
1884 499 2048 580 juste
2078 521 2280 583 repre-

542 580 725 642 hendi
785 580 1199 664 synecdochen
1259 603 1465 642 eorum
1522 581 1627 662 qui
1685 581 1770 642 sic
1820 582 2281 665 interpretantur

539 663 829 724 Paulum:
892 664 1042 724 Fide
1061 663 1504 747 justificamur,
1548 663 1604 724 id
1649 677 1760 737 est,
1803 664 2055 726 formata
2095 664 2281 726 dilec-

539 745 723 820 tione,
750 759 816 807 ut
847 747 957 829 ipsi
990 748 1331 828 loquuntur.
1413 747 1577 807 Nam
1609 748 1967 808 vocabulum
2008 747 2151 808 fidei
2189 748 2282 808 in-

539 829 821 911 telligunt
864 842 1098 891 tantum
1147 830 1222 890 de
1271 830 1501 903 notitia,
1537 842 1598 890 et
1635 831 1902 913 cogitant
1950 830 2104 890 hanc
2151 850 2281 891 esse

540 912 937 973 sententiam:
983 912 1135 973 Fide
1153 911 1598 996 justificamur,
1631 913 1689 974 id
1735 926 1843 985 est,
1882 933 2283 995 praeparamur

542 996 618 1055 ad
650 994 985 1074 justitiam:
1030 995 1090 1055 id
1132 1007 1241 1069 est,
1270 995 1343 1056 ad
1386 1008 1628 1056 caeteras
1672 996 1936 1068 virtutes,
1964 1016 2098 1075 quae
2140 1005 2282 1055 sunt

539 1076 882 1138 obedientia
926 1088 988 1137 et
1038 1077 1311 1159 impletio
1357 1077 1522 1159 legis.
1608 1078 1702 1138 Ita
1749 1091 1985 1150 tantum
2033 1077 2148 1139 boe
2188 1076 2281 1137 di-

540 1171 719 1219 cunt:
770 1157 1077 1219 hominem
1105 1181 1233 1219 esse
1250 1159 1485 1239 justum
1517 1173 1760 1242 propter
1793 1160 2059 1243 proprias
2096 1159 2282 1221 virtu-

540 1252 661 1301 tes:
705 1239 920 1301 deinde
950 1239 1172 1320 jubent
1209 1240 1501 1314 dubitare,
1529 1264 1603 1302 an
1640 1242 1717 1303 sit
1750 1254 1995 1303 ornatus
2025 1242 2140 1303 illis
2170 1242 2279 1303 ha-

542 1323 785 1395 bitibus,
813 1323 887 1382 de
917 1322 1136 1402 quibus
1167 1322 1511 1403 loquuntur.

621 1405 1016 1466 Ostendimus
1068 1416 1268 1465 autem
1330 1428 1527 1487 supra,
1572 1403 1691 1465 fide
1747 1404 2070 1486 significari
2124 1405 2282 1468 fidu-

537 1487 695 1549 ciam
725 1488 1202 1570 acquiescentem
1237 1488 1297 1548 in
1328 1488 1484 1549 Filio
1512 1488 1629 1549 Dei
1668 1488 2075 1571 propitiatore,
2104 1510 2283 1573 prop-

536 1582 627 1632 ter
668 1594 850 1653 quem
897 1571 1221 1654 recipimur
1262 1583 1324 1632 et
1365 1572 1692 1654 placemus,
1722 1594 1843 1632 non
1875 1581 2119 1656 propter
2145 1594 2283 1636 nos-

536 1665 656 1715 tras
686 1655 950 1727 virtutes,
978 1665 1081 1714 aut
1110 1653 1259 1736 legis
1289 1655 1369 1715 im
1419 1655 1722 1715 letionem.
1794 1655 1951 1716 Cum
1985 1667 2184 1718 autem
2216 1655 2279 1717 in

538 1736 652 1796 hac
692 1736 707 1795 i
756 1759 817 1797 sa
856 1737 1281 1810 consolatione,
1310 1738 1350 1796 fi
1398 1737 1548 1811 ucia,
1578 1759 1699 1817 qua
1738 1738 2171 1817 acquiescimus
2216 1737 2277 1799 in

538 1819 695 1879 Filio
710 1759 863 1892 ihi,
893 1841 1028 1878 vere
1057 1819 1134 1879 sit
1164 1830 1362 1906 motus
1401 1842 1682 1881 accensus
1719 1842 1754 1880 a
1781 1820 2007 1903 Spiritu
2036 1820 2279 1893 Sancto,

537 1924 659 1982 quo
685 1902 1019 1962 vivificatur
1047 1923 1167 1975 cor,
1195 1913 1257 1962 et
1283 1901 1567 1963 liberatur
1593 1924 1668 1962 ex
1698 1914 1920 1965 aeterna
1954 1914 2165 1978 morte,
2189 1902 2282 1965 di-

535 1984 691 2045 citur
719 1985 848 2045 haec
878 1984 1202 2058 conversio,
1225 1985 1610 2065 regeneratio,
1635 1985 1814 2045 Joan.
1845 1985 1926 2045 iii.
1961 1985 2111 2047 Nisi
2142 1987 2280 2068 quis

534 2075 790 2128 renatus
809 2063 1028 2150 fuerit
1069 2087 1141 2126 ea:
1180 2088 1342 2149 aqua
1393 2075 1453 2127 et
1497 2066 1756 2148 Spiritu.
1842 2066 1926 2127 Et
1973 2068 2045 2128 fit
2094 2068 2280 2130 homo

525 2150 653 2230 jam
700 2172 836 2209 vere
877 2148 1248 2210 domicilium
1280 2149 1422 2222 Dei,
1454 2149 1559 2230 qui
1603 2162 1694 2210 est
1736 2149 1799 2210 in
1841 2172 1915 2211 eo
1949 2150 2183 2226 efficax,
2209 2163 2279 2214 ut

533 2233 712 2294 Joan.
758 2232 876 2292 xiv.
924 2230 1180 2293 dicitur:
1240 2230 1312 2293 Si
1356 2232 1492 2315 quis
1539 2232 1747 2376 ᾰίἱιὲἱέ
1794 2254 1907 2307 me,
1946 2255 2278 2296 sermonem

534 2338 731 2377 meum
773 2314 1057 2388 servabit,
1087 2322 1147 2375 et
1183 2314 1383 2376 Pater
1424 2338 1592 2376 meus
1676 2315 1852 2398 iliget
1895 2338 2050 2390 eum,
2079 2325 2140 2380 et
2178 2339 2280 2380 ve-

533 2400 767 2460 niemus
800 2398 884 2458 ad
924 2419 1079 2471 eum,
1109 2406 1168 2457 et
1207 2401 1573 2459 mansionem
1610 2398 1779 2479 apud
1802 2421 1935 2461 eum
1940 2397 2277 2482 faciemus

534 2482 821 2542 AEternus
861 2481 1050 2552 Pater,
1079 2492 1140 2540 et
1178 2479 1386 2554 Filius,
1414 2481 1640 2563 Spiritu
1687 2503 1796 2541 suo
1825 2482 2049 2543 Sancto
2087 2482 2278 2544 vivifi-

534 2575 692 2635 cant,
720 2576 780 2623 et
820 2574 1104 2623 renovant
1142 2563 1337 2623 corda.
1424 2563 1496 2624 In
1538 2564 1649 2624 hac
1685 2564 2108 2639 consolatione,
2134 2587 2275 2627 cum

537 2645 655 2706 fide
696 2645 1022 2726 eriguntur,
1065 2644 1221 2706 sicut
1251 2645 1489 2706 Paulus·
1511 2646 1707 2726 inquit
1737 2647 1875 2707 Gal.
1907 2647 1989 2707 iii.
2020 2648 2104 2710 Ut
2136 2669 2279 2731 pro-

536 2729 875 2789 missionem
907 2727 1176 2808 Spiritus
1205 2729 1519 2809 accipiatis
1544 2727 1882 2812 perfidem.
1910 2764 1915 2776 ·

619 2811 760 2872 Non
807 2810 986 2892 igitur
1027 2809 1331 2904 loquimur
1357 2810 1433 2872 de
1459 2812 1648 2872 otiosa
1686 2812 1934 2875 notitia:
1976 2825 2039 2874 et
2080 2824 2279 2876 errant

536 2893 818 2976 imperiti,
860 2892 964 2974 qui
1020 2893 1368 2955 existimant
1423 2895 1831 2956 remissionem
1892 2907 2276 2978 peccatorum

534 2978 878 3058 contingere
906 2975 1131 3050 otiosis,
1158 2976 1285 3038 sine
1316 2977 1519 3058 aliquo
1551 2991 1719 3039 motu
1756 2979 1961 3052 animi,
1988 2979 2118 3040 sine
2151 3001 2279 3041 cer·

535 3060 781 3134 tamine,
807 3070 869 3120 ct
910 3059 1038 3120 sine
1082 3082 1257 3120 sensu
1303 3061 1725 3123 consolationis
1764 3062 1824 3123 in
1866 3061 2020 3123 veris
2059 3060 2279 3123 dolori·

535 3145 666 3215 bus,
695 3146 754 3204 in
786 3164 855 3204 ea
883 3152 1058 3203 aetate
1085 3164 1219 3223 quae
1238 3144 1367 3225 jam
1402 3143 1729 3224 intelligere
1758 3165 1967 3206 vocem
1990 3143 2276 3207 doctrina

2415 3136 2418 3149 Ι

2411 3190 2414 3200 u

535 3238 767 3308 potest;
805 3225 986 3306 juxta
1038 3224 1222 3286 illud:
1281 3226 1461 3287 Fides
1503 3248 1577 3287 ea·
1618 3228 1834 3289 auditu
1878 3235 1987 3301 est,
2028 3226 2276 3289 auditus
2387 3234 2418 3322 Τ

529 3331 645 3388 per
671 3308 918 3370 verbum
948 3308 1092 3370 Dei.
1179 3307 1262 3369 Et
1291 3309 1432 3390 quia
1460 3310 1839 3372 conscientiis
1874 3310 1934 3372 in
1962 3308 2272 3404 poeniten-

537 3393 617 3452 tia
675 3390 1141 3453 consolationem
1247 3392 1614 3486 reponimus,
1665 3415 1783 3454 non
1841 3390 2115 3454 addimus
2172 3387 2271 3451 hic

535 3474 891 3554 quoestiones
940 3473 1016 3534 de
1064 3415 1242 3557 praed)

534 3555 635 3615 sed
683 3555 1036 3616 deducimus
1086 3579 1295 3618 omnes
1347 3559 1593 3619 lectores
1636 3556 1710 3618 ad
1754 3556 2001 3622 verbum
2042 3549 2181 3628 Dei,
2207 3568 2272 3617 et

525 3635 812 3715 jubemus
843 3649 909 3697 ut
937 3638 1305 3700 voluntatem
1338 3638 1455 3699 Dei
1486 3660 1561 3700 ex
1591 3638 1771 3700 verbo
1798 3635 1983 3719 ipeiut
2015 3634 2293 3710 dim&
2396 3627 2397 3631 Ἰ

1229 3475 1602 3544 estinatione.
1653 3497 1756 3537 seu
1812 3474 1889 3535 de
1941 3471 2232 3533 electione
2252 3495 2288 3534 :-
