<?xml version="1.0" encoding="UTF-8"?>
<!DOCTYPE html PUBLIC "-//W3C//DTD XHTML 1.0 Transitional//EN"
    "http://www.w3.org/TR/xhtml1/DTD/xhtml1-transitional.dtd">
<html xmlns="http://www.w3.org/1999/xhtml" xml:lang="en" lang="en">
 <head>
  <title>
</title>
<meta http-equiv="Content-Type" content="text/html;charset=utf-8" />
  <meta name='ocr-system' content='tesseract 3.04.00' />
  <meta name='ocr-capabilities' content='ocr_page ocr_carea ocr_par ocr_line ocrx_word'/>
</head>
<body>
  <div class='ocr_page' id='page_1' title='image "./syllogeconfessio00oxfouoft_0049.png"; bbox 0 0 2418 4172; ppageno 0'>
   <div class='ocr_carea' id='block_1_1' title="bbox 0 520 8 597">
    <p class='ocr_par' dir='ltr' id='par_1_1' title="bbox 0 520 8 597">
     <span class='ocr_line' id='line_1_1' title="bbox 0 520 8 597; baseline 0 0"><span class='ocrx_word' id='word_1_1' title='bbox 0 520 8 597; x_wconf 58' lang='grc' dir='ltr'><strong>ἑ*</strong></span> 
     </span>
    </p>
   </div>
   <div class='ocr_carea' id='block_1_2' title="bbox 0 722 95 1174">
    <p class='ocr_par' dir='ltr' id='par_1_2' title="bbox 0 722 95 1174">
     <span class='ocr_line' id='line_1_2' title="bbox 0 722 12 904; baseline 0 0"><span class='ocrx_word' id='word_1_2' title='bbox 0 722 12 904; x_wconf 52' lang='grc' dir='ltr'><strong>ὲ</strong></span> 
     </span>
     <span class='ocr_line' id='line_1_3' title="bbox 0 893 95 1174; baseline 0 0"><span class='ocrx_word' id='word_1_3' title='bbox 0 893 95 1174; x_wconf 71' lang='grc' dir='ltr'><strong>ἱ’</strong></span> 
     </span>
    </p>
   </div>
   <div class='ocr_carea' id='block_1_3' title="bbox 780 344 1930 403">
    <p class='ocr_par' dir='ltr' id='par_1_3' title="bbox 780 344 1930 403">
     <span class='ocr_line' id='line_1_4' title="bbox 780 344 1930 403; baseline -0.005 -5"><span class='ocrx_word' id='word_1_4' title='bbox 780 344 1322 398; x_wconf 75' lang='lat' dir='ltr'><strong>HELVETICA.</strong></span> <span class='ocrx_word' id='word_1_5' title='bbox 1855 348 1930 403; x_wconf 64' lang='grc' dir='ltr'><em>η</em></span> 
     </span>
    </p>
   </div>
   <div class='ocr_carea' id='block_1_4' title="bbox 179 483 1932 968">
    <p class='ocr_par' dir='ltr' id='par_1_4' title="bbox 179 483 1932 968">
     <span class='ocr_line' id='line_1_5' title="bbox 186 483 1927 567; baseline -0.003 -14"><span class='ocrx_word' id='word_1_6' title='bbox 186 499 225 529; x_wconf 87' lang='grc'><strong>“</strong></span> <span class='ocrx_word' id='word_1_7' title='bbox 289 489 390 553; x_wconf 76' lang='lat' dir='ltr'><strong>uia</strong></span> <span class='ocrx_word' id='word_1_8' title='bbox 418 510 539 550; x_wconf 93' lang='lat' dir='ltr'><strong>non</strong></span> <span class='ocrx_word' id='word_1_9' title='bbox 571 487 727 548; x_wconf 81' lang='lat' dir='ltr'><strong>fiunt</strong></span> <span class='ocrx_word' id='word_1_10' title='bbox 754 485 869 547; x_wconf 88' lang='lat' dir='ltr'><strong>nisi</strong></span> <span class='ocrx_word' id='word_1_11' title='bbox 889 486 1064 567; x_wconf 85' lang='lat' dir='ltr'><strong>jussu</strong></span> <span class='ocrx_word' id='word_1_12' title='bbox 1094 485 1273 565; x_wconf 59' lang='lat' dir='ltr'><strong>ejus?</strong></span> <span class='ocrx_word' id='word_1_13' title='bbox 1322 483 1597 548; x_wconf 77' lang='lat' dir='ltr'><strong>Enarrat.</strong></span> <span class='ocrx_word' id='word_1_14' title='bbox 1620 484 1680 544; x_wconf 91' lang='lat' dir='ltr'><strong>in</strong></span> <span class='ocrx_word' id='word_1_15' title='bbox 1706 486 1927 547; x_wconf 82' lang='lat' dir='ltr'><strong>Psalm.</strong></span> 
     </span>
     <span class='ocr_line' id='line_1_6' title="bbox 183 566 1927 647; baseline -0.003 -12"><span class='ocrx_word' id='word_1_16' title='bbox 183 593 260 636; x_wconf 76' lang='lat' dir='ltr'><strong>ex</strong></span> <span class='ocrx_word' id='word_1_17' title='bbox 283 571 405 634; x_wconf 82' lang='lat' dir='ltr'><strong>viii.</strong></span> <span class='ocrx_word' id='word_1_18' title='bbox 491 569 588 631; x_wconf 84' lang='lat' dir='ltr'><strong>Ita</strong></span> <span class='ocrx_word' id='word_1_19' title='bbox 616 568 931 630; x_wconf 87' lang='lat' dir='ltr'><strong>videbatur</strong></span> <span class='ocrx_word' id='word_1_20' title='bbox 960 570 1112 630; x_wconf 84' lang='lat' dir='ltr'><strong>forte</strong></span> <span class='ocrx_word' id='word_1_21' title='bbox 1141 568 1382 629; x_wconf 86' lang='lat' dir='ltr'><strong>fortuna</strong></span> <span class='ocrx_word' id='word_1_22' title='bbox 1416 566 1564 640; x_wconf 83' lang='lat' dir='ltr'><strong>fieri,</strong></span> <span class='ocrx_word' id='word_1_23' title='bbox 1592 566 1753 647; x_wconf 92' lang='lat' dir='ltr'><strong>quod</strong></span> <span class='ocrx_word' id='word_1_24' title='bbox 1784 569 1927 630; x_wconf 80' lang='lat' dir='ltr'><strong>Saul</strong></span> 
     </span>
     <span class='ocr_line' id='line_1_7' title="bbox 226 648 1930 732; baseline -0.004 -15"><span class='ocrx_word' id='word_1_25' title='bbox 226 676 454 717; x_wconf 67' lang='lat' dir='ltr'><strong>nereus</strong></span> <span class='ocrx_word' id='word_1_26' title='bbox 541 652 681 712; x_wconf 85' lang='lat' dir='ltr'><strong>atris</strong></span> <span class='ocrx_word' id='word_1_27' title='bbox 726 652 937 726; x_wconf 87' lang='lat' dir='ltr'><strong>asinas,</strong></span> <span class='ocrx_word' id='word_1_28' title='bbox 968 651 1177 712; x_wconf 84' lang='lat' dir='ltr'><strong>incidit</strong></span> <span class='ocrx_word' id='word_1_29' title='bbox 1221 651 1281 710; x_wconf 91' lang='lat' dir='ltr'><strong>in</strong></span> <span class='ocrx_word' id='word_1_30' title='bbox 1326 648 1680 732; x_wconf 85' lang='lat' dir='ltr'><strong>prophetam</strong></span> <span class='ocrx_word' id='word_1_31' title='bbox 1715 650 1930 711; x_wconf 88' lang='lat' dir='ltr'><strong>Samu-</strong></span> 
     </span>
     <span class='ocr_line' id='line_1_8' title="bbox 240 675 1931 814; baseline -0.004 -16"><span class='ocrx_word' id='word_1_32' title='bbox 240 758 379 811; x_wconf 77' lang='lat' dir='ltr'><strong>emz</strong></span> <span class='ocrx_word' id='word_1_33' title='bbox 423 675 538 797; x_wconf 61' lang='lat' dir='ltr'><strong>sed)</strong></span> <span class='ocrx_word' id='word_1_34' title='bbox 578 747 755 797; x_wconf 82' lang='lat' dir='ltr'><strong>antea</strong></span> <span class='ocrx_word' id='word_1_35' title='bbox 796 734 1028 795; x_wconf 83' lang='lat' dir='ltr'><strong>dixerat</strong></span> <span class='ocrx_word' id='word_1_36' title='bbox 1070 733 1374 795; x_wconf 86' lang='lat' dir='ltr'><strong>Dominus</strong></span> <span class='ocrx_word' id='word_1_37' title='bbox 1417 732 1492 792; x_wconf 88' lang='lat' dir='ltr'><strong>ad</strong></span> <span class='ocrx_word' id='word_1_38' title='bbox 1538 731 1931 814; x_wconf 84' lang='lat' dir='ltr'><strong>prophetam:</strong></span> 
     </span>
     <span class='ocr_line' id='line_1_9' title="bbox 193 814 1932 968; baseline -0.005 -85"><span class='ocrx_word' id='word_1_39' title='bbox 193 819 628 968; x_wconf 50' lang='grc' dir='ltr'><strong>ὓὸαῶηιῇἰίαηι</strong></span> <span class='ocrx_word' id='word_1_40' title='bbox 672 817 757 879; x_wconf 84' lang='lat' dir='ltr'><strong>ad</strong></span> <span class='ocrx_word' id='word_1_41' title='bbox 795 826 855 880; x_wconf 85' lang='lat' dir='ltr'><strong>te</strong></span> <span class='ocrx_word' id='word_1_42' title='bbox 894 819 1094 879; x_wconf 80' lang='lat' dir='ltr'><strong>virum</strong></span> <span class='ocrx_word' id='word_1_43' title='bbox 1138 817 1210 878; x_wconf 87' lang='lat' dir='ltr'><strong>de</strong></span> <span class='ocrx_word' id='word_1_44' title='bbox 1239 815 1406 876; x_wconf 77' lang='lat' dir='ltr'><strong>tribu</strong></span> <span class='ocrx_word' id='word_1_45' title='bbox 1448 814 1792 899; x_wconf 81' lang='lat' dir='ltr'><strong>Benjamin,</strong></span> <span class='ocrx_word' id='word_1_46' title='bbox 1824 818 1932 876; x_wconf 88' lang='lat' dir='ltr'><strong>&amp;c.</strong></span> 
     </span>
     <span class='ocr_line' id='line_1_10' title="bbox 179 913 524 964; baseline -0.009 0"><span class='ocrx_word' id='word_1_47' title='bbox 179 913 218 964; x_wconf 43' lang='lat'><strong>*1</strong></span> <span class='ocrx_word' id='word_1_48' title='bbox 396 948 413 964; x_wconf 89' lang='lat'><strong>.</strong></span> <span class='ocrx_word' id='word_1_49' title='bbox 444 923 524 963; x_wconf 76' lang='lat' dir='ltr'><strong>nx.</strong></span> 
     </span>
    </p>
   </div>
   <div class='ocr_carea' id='block_1_5' title="bbox 749 1006 1380 1048">
    <p class='ocr_par' dir='ltr' id='par_1_5' title="bbox 749 1006 1380 1048">
     <span class='ocr_line' id='line_1_11' title="bbox 749 1006 1380 1048; baseline -0.002 -14"><span class='ocrx_word' id='word_1_50' title='bbox 749 1006 1380 1048; x_wconf 61' lang='grc' dir='ltr'><strong>--.-ο--</strong></span> 
     </span>
    </p>
   </div>
   <div class='ocr_carea' id='block_1_6' title="bbox 255 1161 1876 1323">
    <p class='ocr_par' dir='ltr' id='par_1_6' title="bbox 255 1161 1876 1323">
     <span class='ocr_line' id='line_1_12' title="bbox 255 1161 1876 1245; baseline -0.004 -16"><span class='ocrx_word' id='word_1_51' title='bbox 255 1167 367 1229; x_wconf 83' lang='lat' dir='ltr'><strong>De</strong></span> <span class='ocrx_word' id='word_1_52' title='bbox 397 1167 724 1229; x_wconf 77' lang='lat' dir='ltr'><strong>Oreatione</strong></span> <span class='ocrx_word' id='word_1_53' title='bbox 751 1187 956 1227; x_wconf 82' lang='lat' dir='ltr'><strong>rerum</strong></span> <span class='ocrx_word' id='word_1_54' title='bbox 985 1165 1270 1238; x_wconf 80' lang='lat' dir='ltr'><strong>omnium,</strong></span> <span class='ocrx_word' id='word_1_55' title='bbox 1294 1163 1368 1224; x_wconf 86' lang='lat' dir='ltr'><strong>de</strong></span> <span class='ocrx_word' id='word_1_56' title='bbox 1396 1161 1681 1245; x_wconf 54' lang='lat' dir='ltr'><strong>Angelis,</strong></span> <span class='ocrx_word' id='word_1_57' title='bbox 1712 1161 1876 1223; x_wconf 75' lang='lat' dir='ltr'><strong>Dia-</strong></span> 
     </span>
     <span class='ocr_line' id='line_1_13' title="bbox 786 1248 1342 1323; baseline -0.002 -15"><span class='ocrx_word' id='word_1_58' title='bbox 786 1249 938 1323; x_wconf 84' lang='lat' dir='ltr'><strong>bolo,</strong></span> <span class='ocrx_word' id='word_1_59' title='bbox 967 1258 1025 1309; x_wconf 82' lang='lat' dir='ltr'><strong>et</strong></span> <span class='ocrx_word' id='word_1_60' title='bbox 1058 1248 1342 1308; x_wconf 80' lang='lat' dir='ltr'><strong>Homine.</strong></span> 
     </span>
    </p>
   </div>
   <div class='ocr_carea' id='block_1_7' title="bbox 987 1416 1137 1478">
    <p class='ocr_par' dir='ltr' id='par_1_7' title="bbox 987 1416 1137 1478">
     <span class='ocr_line' id='line_1_14' title="bbox 987 1416 1137 1478; baseline -0.007 0"><span class='ocrx_word' id='word_1_61' title='bbox 987 1416 1137 1478; x_wconf 84' lang='lat' dir='ltr'><strong>VII.</strong></span> 
     </span>
    </p>
   </div>
   <div class='ocr_carea' id='block_1_8' title="bbox 148 1555 1938 1652">
    <p class='ocr_par' dir='ltr' id='par_1_8' title="bbox 148 1555 1938 1652">
     <span class='ocr_line' id='line_1_15' title="bbox 148 1555 1938 1652; baseline -0.004 -16"><span class='ocrx_word' id='word_1_62' title='bbox 148 1622 157 1628; x_wconf 80' lang='lat'>-</span> <span class='ocrx_word' id='word_1_63' title='bbox 188 1555 452 1636; x_wconf 85' lang='lat' dir='ltr'><strong>DEUS</strong></span> <span class='ocrx_word' id='word_1_64' title='bbox 476 1572 575 1632; x_wconf 86' lang='lat' dir='ltr'><strong>hic</strong></span> <span class='ocrx_word' id='word_1_65' title='bbox 607 1573 798 1631; x_wconf 88' lang='lat' dir='ltr'><strong>bonus</strong></span> <span class='ocrx_word' id='word_1_66' title='bbox 826 1582 887 1630; x_wconf 94' lang='lat' dir='ltr'><strong>et</strong></span> <span class='ocrx_word' id='word_1_67' title='bbox 915 1570 1299 1652; x_wconf 85' lang='lat' dir='ltr'><strong>omnipotens</strong></span> <span class='ocrx_word' id='word_1_68' title='bbox 1322 1569 1543 1629; x_wconf 86' lang='lat' dir='ltr'><strong>creavit</strong></span> <span class='ocrx_word' id='word_1_69' title='bbox 1564 1569 1767 1630; x_wconf 85' lang='lat' dir='ltr'><strong>omnia</strong></span> <span class='ocrx_word' id='word_1_70' title='bbox 1796 1590 1938 1629; x_wconf 88' lang='lat' dir='ltr'><strong>cum</strong></span> 
     </span>
    </p>
   </div>
   <div class='ocr_carea' id='block_1_9' title="bbox 178 1652 1953 3725">
    <p class='ocr_par' dir='ltr' id='par_1_9' title="bbox 187 1652 1946 2643">
     <span class='ocr_line' id='line_1_16' title="bbox 187 1652 1941 1734; baseline -0.006 -13"><span class='ocrx_word' id='word_1_71' title='bbox 187 1655 466 1729; x_wconf 74' lang='lat' dir='ltr'><strong>visibilia,</strong></span> <span class='ocrx_word' id='word_1_72' title='bbox 493 1666 625 1715; x_wconf 89' lang='lat' dir='ltr'><strong>tum</strong></span> <span class='ocrx_word' id='word_1_73' title='bbox 676 1653 1016 1726; x_wconf 85' lang='lat' dir='ltr'><strong>invisibilia,</strong></span> <span class='ocrx_word' id='word_1_74' title='bbox 1044 1674 1152 1734; x_wconf 90' lang='lat' dir='ltr'><strong>per</strong></span> <span class='ocrx_word' id='word_1_75' title='bbox 1188 1652 1436 1711; x_wconf 89' lang='lat' dir='ltr'><strong>verbum</strong></span> <span class='ocrx_word' id='word_1_76' title='bbox 1479 1673 1654 1711; x_wconf 89' lang='lat' dir='ltr'><strong>suum</strong></span> <span class='ocrx_word' id='word_1_77' title='bbox 1694 1662 1941 1711; x_wconf 88' lang='lat' dir='ltr'><strong>coaeter-</strong></span> 
     </span>
     <span class='ocr_line' id='line_1_17' title="bbox 188 1734 1941 1817; baseline -0.007 -13"><span class='ocrx_word' id='word_1_78' title='bbox 188 1761 361 1815; x_wconf 82' lang='lat' dir='ltr'><strong>num,</strong></span> <span class='ocrx_word' id='word_1_79' title='bbox 388 1736 724 1817; x_wconf 76' lang='lat' dir='ltr'><strong>eade-mque</strong></span> <span class='ocrx_word' id='word_1_80' title='bbox 752 1757 996 1817; x_wconf 92' lang='lat' dir='ltr'><strong>quoque</strong></span> <span class='ocrx_word' id='word_1_81' title='bbox 1025 1745 1337 1795; x_wconf 84' lang='lat' dir='ltr'><strong>conservat</strong></span> <span class='ocrx_word' id='word_1_82' title='bbox 1373 1756 1481 1816; x_wconf 91' lang='lat' dir='ltr'><strong>per</strong></span> <span class='ocrx_word' id='word_1_83' title='bbox 1510 1734 1806 1815; x_wconf 87' lang='lat' dir='ltr'><strong>Spiritum</strong></span> <span class='ocrx_word' id='word_1_84' title='bbox 1842 1754 1941 1793; x_wconf 86' lang='lat' dir='ltr'><strong>su-</strong></span> 
     </span>
     <span class='ocr_line' id='line_1_18' title="bbox 189 1815 1941 1897; baseline -0.007 -11"><span class='ocrx_word' id='word_1_85' title='bbox 189 1839 296 1887; x_wconf 82' lang='lat' dir='ltr'><strong>um</strong></span> <span class='ocrx_word' id='word_1_86' title='bbox 340 1831 731 1893; x_wconf 78' lang='lat' dir='ltr'><strong>coaeternum,</strong></span> <span class='ocrx_word' id='word_1_87' title='bbox 773 1819 1135 1880; x_wconf 86' lang='lat' dir='ltr'><strong>testificante</strong></span> <span class='ocrx_word' id='word_1_88' title='bbox 1177 1816 1416 1878; x_wconf 88' lang='lat' dir='ltr'><strong>Davide</strong></span> <span class='ocrx_word' id='word_1_89' title='bbox 1439 1828 1641 1897; x_wconf 79' lang='lat' dir='ltr'><strong>atque</strong></span> <span class='ocrx_word' id='word_1_90' title='bbox 1683 1815 1941 1889; x_wconf 85' lang='lat' dir='ltr'><strong>dicente,</strong></span> 
     </span>
     <span class='ocr_line' id='line_1_19' title="bbox 191 1899 1943 1984; baseline -0.006 -15"><span class='ocrx_word' id='word_1_91' title='bbox 191 1905 412 1970; x_wconf 62' lang='lat' dir='ltr'><strong>Palm.</strong></span> <span class='ocrx_word' id='word_1_92' title='bbox 441 1902 652 1964; x_wconf 82' lang='lat' dir='ltr'><strong>xxxiii.</strong></span> <span class='ocrx_word' id='word_1_93' title='bbox 691 1902 895 1963; x_wconf 87' lang='lat' dir='ltr'><strong>Verbo</strong></span> <span class='ocrx_word' id='word_1_94' title='bbox 927 1902 1059 1963; x_wconf 78' lang='lat' dir='ltr'><strong>Dei</strong></span> <span class='ocrx_word' id='word_1_95' title='bbox 1087 1899 1408 1984; x_wconf 81' lang='lat' dir='ltr'><strong>coelifizcti</strong></span> <span class='ocrx_word' id='word_1_96' title='bbox 1435 1908 1597 1974; x_wconf 72' lang='lat' dir='ltr'><strong>stent,</strong></span> <span class='ocrx_word' id='word_1_97' title='bbox 1627 1908 1686 1960; x_wconf 80' lang='lat' dir='ltr'><strong>et</strong></span> <span class='ocrx_word' id='word_1_98' title='bbox 1719 1900 1784 1960; x_wconf 80' lang='lat' dir='ltr'><strong>in</strong></span> <span class='ocrx_word' id='word_1_99' title='bbox 1820 1899 1943 1979; x_wconf 78' lang='lat' dir='ltr'><strong>spi-</strong></span> 
     </span>
     <span class='ocr_line' id='line_1_20' title="bbox 194 1983 1940 2052; baseline -0.006 0"><span class='ocrx_word' id='word_1_100' title='bbox 194 1991 321 2052; x_wconf 71' lang='lat' dir='ltr'><strong>ritu</strong></span> <span class='ocrx_word' id='word_1_101' title='bbox 363 1988 491 2048; x_wconf 74' lang='lat' dir='ltr'><strong>oris</strong></span> <span class='ocrx_word' id='word_1_102' title='bbox 573 1985 660 2047; x_wconf 79' lang='lat' dir='ltr'><strong>‘us</strong></span> <span class='ocrx_word' id='word_1_103' title='bbox 702 1987 894 2047; x_wconf 78' lang='lat' dir='ltr'><strong>omnis</strong></span> <span class='ocrx_word' id='word_1_104' title='bbox 933 1986 1130 2046; x_wconf 79' lang='lat' dir='ltr'><strong>virtus</strong></span> <span class='ocrx_word' id='word_1_105' title='bbox 1173 2006 1396 2045; x_wconf 79' lang='lat' dir='ltr'><strong>eorum.</strong></span> <span class='ocrx_word' id='word_1_106' title='bbox 1484 1983 1708 2043; x_wconf 87' lang='lat' dir='ltr'><strong>Omnia</strong></span> <span class='ocrx_word' id='word_1_107' title='bbox 1738 1995 1940 2043; x_wconf 89' lang='lat' dir='ltr'><strong>autem</strong></span> 
     </span>
     <span class='ocr_line' id='line_1_21' title="bbox 192 2009 1945 2155; baseline -0.004 -22"><span class='ocrx_word' id='word_1_108' title='bbox 192 2094 333 2155; x_wconf 83' lang='lat' dir='ltr'><strong>quae</strong></span> <span class='ocrx_word' id='word_1_109' title='bbox 352 2009 624 2132; x_wconf 55' lang='lat' dir='ltr'><strong>condi‘d&#39;it</strong></span> <span class='ocrx_word' id='word_1_110' title='bbox 646 2070 817 2130; x_wconf 84' lang='lat' dir='ltr'><strong>Deus</strong></span> <span class='ocrx_word' id='word_1_111' title='bbox 836 2080 1024 2141; x_wconf 89' lang='lat' dir='ltr'><strong>erant,</strong></span> <span class='ocrx_word' id='word_1_112' title='bbox 1045 2080 1111 2128; x_wconf 87' lang='lat' dir='ltr'><strong>ut</strong></span> <span class='ocrx_word' id='word_1_113' title='bbox 1134 2067 1442 2150; x_wconf 82' lang='lat' dir='ltr'><strong>Scriptura</strong></span> <span class='ocrx_word' id='word_1_114' title='bbox 1458 2066 1558 2139; x_wconf 88' lang='lat' dir='ltr'><strong>ait,</strong></span> <span class='ocrx_word' id='word_1_115' title='bbox 1576 2066 1748 2126; x_wconf 88' lang='lat' dir='ltr'><strong>valde</strong></span> <span class='ocrx_word' id='word_1_116' title='bbox 1769 2068 1945 2139; x_wconf 91' lang='lat' dir='ltr'><strong>bona,</strong></span> 
     </span>
     <span class='ocr_line' id='line_1_22' title="bbox 193 2149 1944 2232; baseline -0.006 -15"><span class='ocrx_word' id='word_1_117' title='bbox 193 2168 258 2218; x_wconf 89' lang='lat' dir='ltr'><strong>et</strong></span> <span class='ocrx_word' id='word_1_118' title='bbox 286 2154 361 2216; x_wconf 84' lang='lat' dir='ltr'><strong>ad</strong></span> <span class='ocrx_word' id='word_1_119' title='bbox 390 2153 711 2214; x_wconf 84' lang='lat' dir='ltr'><strong>utilitatem</strong></span> <span class='ocrx_word' id='word_1_120' title='bbox 746 2173 1043 2232; x_wconf 85' lang='lat' dir='ltr'><strong>usumque</strong></span> <span class='ocrx_word' id='word_1_121' title='bbox 1073 2150 1334 2210; x_wconf 89' lang='lat' dir='ltr'><strong>hominis</strong></span> <span class='ocrx_word' id='word_1_122' title='bbox 1364 2149 1624 2210; x_wconf 86' lang='lat' dir='ltr'><strong>condita.</strong></span> <span class='ocrx_word' id='word_1_123' title='bbox 1706 2149 1944 2208; x_wconf 90' lang='lat' dir='ltr'><strong>Cuncta</strong></span> 
     </span>
     <span class='ocr_line' id='line_1_23' title="bbox 195 2232 1943 2315; baseline -0.005 -17"><span class='ocrx_word' id='word_1_124' title='bbox 195 2260 336 2305; x_wconf 81' lang='lat' dir='ltr'><strong>vero</strong></span> <span class='ocrx_word' id='word_1_125' title='bbox 384 2235 488 2297; x_wconf 76' lang='lat' dir='ltr'><strong>illa</strong></span> <span class='ocrx_word' id='word_1_126' title='bbox 535 2235 792 2296; x_wconf 80' lang='lat' dir='ltr'><strong>dicimus</strong></span> <span class='ocrx_word' id='word_1_127' title='bbox 844 2236 919 2294; x_wconf 90' lang='lat' dir='ltr'><strong>ab</strong></span> <span class='ocrx_word' id='word_1_128' title='bbox 971 2256 1092 2294; x_wconf 93' lang='lat' dir='ltr'><strong>uno</strong></span> <span class='ocrx_word' id='word_1_129' title='bbox 1136 2233 1402 2315; x_wconf 88' lang='lat' dir='ltr'><strong>profecta</strong></span> <span class='ocrx_word' id='word_1_130' title='bbox 1452 2254 1580 2291; x_wconf 88' lang='lat' dir='ltr'><strong>esse</strong></span> <span class='ocrx_word' id='word_1_131' title='bbox 1627 2232 1943 2314; x_wconf 77' lang='lat' dir='ltr'><strong>principio,</strong></span> 
     </span>
     <span class='ocr_line' id='line_1_24' title="bbox 195 2314 1943 2398; baseline -0.005 -16"><span class='ocrx_word' id='word_1_132' title='bbox 195 2321 580 2383; x_wconf 74' lang='lat' dir='ltr'><strong>Dmnamus</strong></span> <span class='ocrx_word' id='word_1_133' title='bbox 636 2340 779 2398; x_wconf 89' lang='lat' dir='ltr'><strong>ergo</strong></span> <span class='ocrx_word' id='word_1_134' title='bbox 830 2317 1205 2376; x_wconf 85' lang='lat' dir='ltr'><strong>Manichaeos</strong></span> <span class='ocrx_word' id='word_1_135' title='bbox 1262 2329 1323 2375; x_wconf 92' lang='lat' dir='ltr'><strong>et</strong></span> <span class='ocrx_word' id='word_1_136' title='bbox 1374 2315 1785 2387; x_wconf 80' lang='lat' dir='ltr'><strong>Marcionitas,</strong></span> <span class='ocrx_word' id='word_1_137' title='bbox 1838 2314 1943 2393; x_wconf 89' lang='lat' dir='ltr'><strong>qui</strong></span> 
     </span>
     <span class='ocr_line' id='line_1_25' title="bbox 195 2396 1945 2487; baseline -0.006 -22"><span class='ocrx_word' id='word_1_138' title='bbox 195 2402 384 2487; x_wconf 87' lang='lat' dir='ltr'><strong>impie</strong></span> <span class='ocrx_word' id='word_1_139' title='bbox 412 2402 724 2483; x_wconf 84' lang='lat' dir='ltr'><strong>fingebant</strong></span> <span class='ocrx_word' id='word_1_140' title='bbox 752 2399 900 2460; x_wconf 84' lang='lat' dir='ltr'><strong>duas</strong></span> <span class='ocrx_word' id='word_1_141' title='bbox 930 2398 1295 2459; x_wconf 81' lang='lat' dir='ltr'><strong>substantias</strong></span> <span class='ocrx_word' id='word_1_142' title='bbox 1326 2410 1507 2478; x_wconf 87' lang='lat' dir='ltr'><strong>atque</strong></span> <span class='ocrx_word' id='word_1_143' title='bbox 1538 2409 1778 2458; x_wconf 88' lang='lat' dir='ltr'><strong>naturas</strong></span> <span class='ocrx_word' id='word_1_144' title='bbox 1802 2396 1945 2456; x_wconf 92' lang='lat' dir='ltr'><strong>boni</strong></span> 
     </span>
     <span class='ocr_line' id='line_1_26' title="bbox 195 2479 1946 2564; baseline -0.006 -16"><span class='ocrx_word' id='word_1_145' title='bbox 195 2499 259 2549; x_wconf 89' lang='lat' dir='ltr'><strong>et</strong></span> <span class='ocrx_word' id='word_1_146' title='bbox 301 2484 464 2558; x_wconf 79' lang='lat' dir='ltr'><strong>mali,</strong></span> <span class='ocrx_word' id='word_1_147' title='bbox 504 2483 627 2544; x_wconf 89' lang='lat' dir='ltr'><strong>duo</strong></span> <span class='ocrx_word' id='word_1_148' title='bbox 670 2483 817 2543; x_wconf 88' lang='lat' dir='ltr'><strong>item</strong></span> <span class='ocrx_word' id='word_1_149' title='bbox 862 2481 1176 2564; x_wconf 89' lang='lat' dir='ltr'><strong>principia,</strong></span> <span class='ocrx_word' id='word_1_150' title='bbox 1220 2492 1280 2541; x_wconf 92' lang='lat' dir='ltr'><strong>et</strong></span> <span class='ocrx_word' id='word_1_151' title='bbox 1322 2480 1472 2540; x_wconf 88' lang='lat' dir='ltr'><strong>duos</strong></span> <span class='ocrx_word' id='word_1_152' title='bbox 1511 2480 1624 2540; x_wconf 92' lang='lat' dir='ltr'><strong>sibi</strong></span> <span class='ocrx_word' id='word_1_153' title='bbox 1669 2479 1946 2540; x_wconf 87' lang='lat' dir='ltr'><strong>adversos</strong></span> 
     </span>
     <span class='ocr_line' id='line_1_27' title="bbox 195 2566 1011 2643; baseline -0.009 -11"><span class='ocrx_word' id='word_1_154' title='bbox 195 2569 384 2643; x_wconf 82' lang='lat' dir='ltr'><strong>Deos,</strong></span> <span class='ocrx_word' id='word_1_155' title='bbox 411 2569 639 2628; x_wconf 88' lang='lat' dir='ltr'><strong>bonum</strong></span> <span class='ocrx_word' id='word_1_156' title='bbox 671 2583 733 2626; x_wconf 90' lang='lat' dir='ltr'><strong>et</strong></span> <span class='ocrx_word' id='word_1_157' title='bbox 762 2566 1011 2626; x_wconf 88' lang='lat' dir='ltr'><strong>malum.</strong></span> 
     </span>
    </p>

    <p class='ocr_par' dir='ltr' id='par_1_10' title="bbox 178 2643 1953 3725">
     <span class='ocr_line' id='line_1_28' title="bbox 281 2643 1949 2730; baseline -0.006 -18"><span class='ocrx_word' id='word_1_158' title='bbox 281 2651 451 2713; x_wconf 90' lang='lat' dir='ltr'><strong>Inter</strong></span> <span class='ocrx_word' id='word_1_159' title='bbox 486 2672 697 2711; x_wconf 89' lang='lat' dir='ltr'><strong>omnes</strong></span> <span class='ocrx_word' id='word_1_160' title='bbox 729 2660 1027 2709; x_wconf 88' lang='lat' dir='ltr'><strong>creaturas</strong></span> <span class='ocrx_word' id='word_1_161' title='bbox 1063 2657 1347 2730; x_wconf 82' lang='lat' dir='ltr'><strong>praestant</strong></span> <span class='ocrx_word' id='word_1_162' title='bbox 1380 2645 1576 2727; x_wconf 85' lang='lat' dir='ltr'><strong>angeli</strong></span> <span class='ocrx_word' id='word_1_163' title='bbox 1617 2655 1799 2724; x_wconf 90' lang='lat' dir='ltr'><strong>atque</strong></span> <span class='ocrx_word' id='word_1_164' title='bbox 1838 2643 1949 2703; x_wconf 88' lang='lat' dir='ltr'><strong>bo-</strong></span> 
     </span>
     <span class='ocr_line' id='line_1_29' title="bbox 198 2728 1946 2813; baseline -0.006 -17"><span class='ocrx_word' id='word_1_165' title='bbox 198 2734 412 2796; x_wconf 84' lang='lat' dir='ltr'><strong>mines.</strong></span> <span class='ocrx_word' id='word_1_166' title='bbox 494 2733 595 2794; x_wconf 92' lang='lat' dir='ltr'><strong>De</strong></span> <span class='ocrx_word' id='word_1_167' title='bbox 651 2732 876 2813; x_wconf 85' lang='lat' dir='ltr'><strong>angelis</strong></span> <span class='ocrx_word' id='word_1_168' title='bbox 934 2731 1291 2813; x_wconf 75' lang='lat' dir='ltr'><strong>pronunciat</strong></span> <span class='ocrx_word' id='word_1_169' title='bbox 1346 2728 1547 2788; x_wconf 90' lang='lat' dir='ltr'><strong>divina</strong></span> <span class='ocrx_word' id='word_1_170' title='bbox 1605 2728 1946 2809; x_wconf 85' lang='lat' dir='ltr'><strong>Scriptura:</strong></span> 
     </span>
     <span class='ocr_line' id='line_1_30' title="bbox 206 2810 1950 2897; baseline -0.006 -18"><span class='ocrx_word' id='word_1_171' title='bbox 206 2818 338 2885; x_wconf 76' lang='lat' dir='ltr'><strong>Qui</strong></span> <span class='ocrx_word' id='word_1_172' title='bbox 365 2824 533 2878; x_wconf 82' lang='lat' dir='ltr'><strong>creat</strong></span> <span class='ocrx_word' id='word_1_173' title='bbox 566 2815 820 2897; x_wconf 83' lang='lat' dir='ltr'><strong>angelos</strong></span> <span class='ocrx_word' id='word_1_174' title='bbox 855 2836 996 2875; x_wconf 81' lang='lat' dir='ltr'><strong>suos</strong></span> <span class='ocrx_word' id='word_1_175' title='bbox 1038 2814 1311 2895; x_wconf 73' lang='lat' dir='ltr'><strong>spirituS,</strong></span> <span class='ocrx_word' id='word_1_176' title='bbox 1355 2820 1415 2872; x_wconf 84' lang='lat' dir='ltr'><strong>et</strong></span> <span class='ocrx_word' id='word_1_177' title='bbox 1456 2810 1768 2872; x_wconf 81' lang='lat' dir='ltr'><strong>ministros</strong></span> <span class='ocrx_word' id='word_1_178' title='bbox 1808 2830 1950 2869; x_wconf 78' lang='lat' dir='ltr'><strong>suos</strong></span> 
     </span>
     <span class='ocr_line' id='line_1_31' title="bbox 178 2894 1950 2988; baseline -0.007 -25"><span class='ocrx_word' id='word_1_179' title='bbox 178 2899 511 2988; x_wconf 79' lang='lat' dir='ltr'><strong>flammam</strong></span> <span class='ocrx_word' id='word_1_180' title='bbox 539 2899 719 2981; x_wconf 56' lang='lat' dir='ltr'><strong>ignia,</strong></span> <span class='ocrx_word' id='word_1_181' title='bbox 749 2898 903 2959; x_wconf 83' lang='lat' dir='ltr'><strong>Psal.</strong></span> <span class='ocrx_word' id='word_1_182' title='bbox 935 2898 1047 2958; x_wconf 89' lang='lat' dir='ltr'><strong>civ.</strong></span> <span class='ocrx_word' id='word_1_183' title='bbox 1113 2897 1296 2971; x_wconf 86' lang='lat' dir='ltr'><strong>Item,</strong></span> <span class='ocrx_word' id='word_1_184' title='bbox 1320 2894 1550 2956; x_wconf 80' lang='lat' dir='ltr'><strong>Nonne</strong></span> <span class='ocrx_word' id='word_1_185' title='bbox 1576 2914 1780 2953; x_wconf 77' lang='lat' dir='ltr'><strong>omnes</strong></span> <span class='ocrx_word' id='word_1_186' title='bbox 1805 2899 1950 2952; x_wconf 79' lang='lat' dir='ltr'><strong>sunt</strong></span> 
     </span>
     <span class='ocr_line' id='line_1_32' title="bbox 202 2976 1951 3063; baseline -0.007 -17"><span class='ocrx_word' id='word_1_187' title='bbox 202 2983 715 3046; x_wconf 58' lang='lat' dir='ltr'><strong>adtribui-strator&amp;</strong></span> <span class='ocrx_word' id='word_1_188' title='bbox 760 2981 1050 3063; x_wconf 72' lang='lat' dir='ltr'><strong>Spiritus,</strong></span> <span class='ocrx_word' id='word_1_189' title='bbox 1080 2981 1186 3062; x_wconf 82' lang='lat' dir='ltr'><strong>qui</strong></span> <span class='ocrx_word' id='word_1_190' title='bbox 1221 2982 1287 3040; x_wconf 83' lang='lat' dir='ltr'><strong>in</strong></span> <span class='ocrx_word' id='word_1_191' title='bbox 1331 2977 1733 3038; x_wconf 76' lang='lat' dir='ltr'><strong>ministerium</strong></span> <span class='ocrx_word' id='word_1_192' title='bbox 1780 2976 1951 3035; x_wconf 82' lang='lat' dir='ltr'><strong>emit-</strong></span> 
     </span>
     <span class='ocr_line' id='line_1_33' title="bbox 204 3058 1949 3148; baseline -0.007 -19"><span class='ocrx_word' id='word_1_193' title='bbox 204 3074 709 3148; x_wconf 64' lang='lat' dir='ltr'><strong>mutu-,propter</strong></span> <span class='ocrx_word' id='word_1_194' title='bbox 730 3087 829 3126; x_wconf 77' lang='lat' dir='ltr'><strong>eos</strong></span> <span class='ocrx_word' id='word_1_195' title='bbox 849 3066 957 3148; x_wconf 81' lang='lat' dir='ltr'><strong>qui</strong></span> <span class='ocrx_word' id='word_1_196' title='bbox 976 3064 1238 3125; x_wconf 75' lang='lat' dir='ltr'><strong>haeredes</strong></span> <span class='ocrx_word' id='word_1_197' title='bbox 1256 3069 1400 3124; x_wconf 79' lang='lat' dir='ltr'><strong>sunt</strong></span> <span class='ocrx_word' id='word_1_198' title='bbox 1418 3059 1640 3121; x_wconf 80' lang='lat' dir='ltr'><strong>salutis</strong></span> <span class='ocrx_word' id='word_1_199' title='bbox 1662 3060 1700 3119; x_wconf 81' lang='lat'><strong>,⁹</strong></span> <span class='ocrx_word' id='word_1_200' title='bbox 1727 3058 1891 3118; x_wconf 89' lang='lat' dir='ltr'><strong>Heb.</strong></span> <span class='ocrx_word' id='word_1_201' title='bbox 1910 3058 1949 3116; x_wconf 88' lang='lat' dir='ltr'><strong>i.</strong></span> 
     </span>
     <span class='ocr_line' id='line_1_34' title="bbox 206 3141 1948 3210; baseline -0.006 0"><span class='ocrx_word' id='word_1_202' title='bbox 206 3148 511 3210; x_wconf 84' lang='lat' dir='ltr'><strong>Dominus</strong></span> <span class='ocrx_word' id='word_1_203' title='bbox 555 3170 694 3209; x_wconf 87' lang='lat' dir='ltr'><strong>vero</strong></span> <span class='ocrx_word' id='word_1_204' title='bbox 738 3148 919 3209; x_wconf 80' lang='lat' dir='ltr'><strong>Jesus</strong></span> <span class='ocrx_word' id='word_1_205' title='bbox 970 3147 985 3207; x_wconf 90' lang='lat' dir='ltr'><strong>i</strong></span> <span class='ocrx_word' id='word_1_206' title='bbox 1034 3170 1097 3207; x_wconf 89' lang='lat' dir='ltr'><strong>se</strong></span> <span class='ocrx_word' id='word_1_207' title='bbox 1147 3147 1504 3207; x_wconf 88' lang='lat' dir='ltr'><strong>testificatur</strong></span> <span class='ocrx_word' id='word_1_208' title='bbox 1545 3143 1621 3203; x_wconf 91' lang='lat' dir='ltr'><strong>de</strong></span> <span class='ocrx_word' id='word_1_209' title='bbox 1666 3141 1948 3202; x_wconf 85' lang='lat' dir='ltr'><strong>Diabolo.</strong></span> 
     </span>
     <span class='ocr_line' id='line_1_35' title="bbox 207 3223 1951 3311; baseline -0.006 -19"><span class='ocrx_word' id='word_1_210' title='bbox 207 3230 348 3305; x_wconf 77' lang='lat' dir='ltr'><strong>Ille,</strong></span> <span class='ocrx_word' id='word_1_211' title='bbox 376 3230 593 3311; x_wconf 86' lang='lat' dir='ltr'><strong>inquit,</strong></span> <span class='ocrx_word' id='word_1_212' title='bbox 617 3231 797 3291; x_wconf 83' lang='lat' dir='ltr'><strong>Joan.</strong></span> <span class='ocrx_word' id='word_1_213' title='bbox 826 3231 947 3291; x_wconf 85' lang='lat' dir='ltr'><strong>viii.</strong></span> <span class='ocrx_word' id='word_1_214' title='bbox 1019 3230 1278 3291; x_wconf 84' lang='lat' dir='ltr'><strong>omicida</strong></span> <span class='ocrx_word' id='word_1_215' title='bbox 1309 3235 1445 3288; x_wconf 81' lang='lat' dir='ltr'><strong>erat</strong></span> <span class='ocrx_word' id='word_1_216' title='bbox 1474 3226 1551 3286; x_wconf 84' lang='lat' dir='ltr'><strong>ab</strong></span> <span class='ocrx_word' id='word_1_217' title='bbox 1580 3224 1776 3297; x_wconf 79' lang='lat' dir='ltr'><strong>initio,</strong></span> <span class='ocrx_word' id='word_1_218' title='bbox 1798 3230 1861 3283; x_wconf 82' lang='lat' dir='ltr'><strong>et</strong></span> <span class='ocrx_word' id='word_1_219' title='bbox 1884 3223 1951 3283; x_wconf 74' lang='lat' dir='ltr'><strong>in</strong></span> 
     </span>
     <span class='ocr_line' id='line_1_36' title="bbox 205 3305 1950 3395; baseline -0.007 -17"><span class='ocrx_word' id='word_1_220' title='bbox 205 3314 464 3378; x_wconf 71' lang='lat' dir='ltr'><strong>veritate</strong></span> <span class='ocrx_word' id='word_1_221' title='bbox 488 3334 610 3374; x_wconf 80' lang='lat' dir='ltr'><strong>non</strong></span> <span class='ocrx_word' id='word_1_222' title='bbox 633 3314 824 3387; x_wconf 72' lang='lat' dir='ltr'><strong>stetit,</strong></span> <span class='ocrx_word' id='word_1_223' title='bbox 845 3315 992 3395; x_wconf 81' lang='lat' dir='ltr'><strong>quia</strong></span> <span class='ocrx_word' id='word_1_224' title='bbox 1019 3334 1141 3373; x_wconf 81' lang='lat' dir='ltr'><strong>non</strong></span> <span class='ocrx_word' id='word_1_225' title='bbox 1163 3321 1254 3373; x_wconf 84' lang='lat' dir='ltr'><strong>est</strong></span> <span class='ocrx_word' id='word_1_226' title='bbox 1278 3310 1508 3373; x_wconf 78' lang='lat' dir='ltr'><strong>veritas</strong></span> <span class='ocrx_word' id='word_1_227' title='bbox 1536 3309 1600 3368; x_wconf 81' lang='lat' dir='ltr'><strong>in</strong></span> <span class='ocrx_word' id='word_1_228' title='bbox 1630 3327 1716 3369; x_wconf 89' lang='lat' dir='ltr'><strong>eo.</strong></span> <span class='ocrx_word' id='word_1_229' title='bbox 1794 3305 1950 3368; x_wconf 78' lang='lat' dir='ltr'><strong>Gum</strong></span> 
     </span>
     <span class='ocr_line' id='line_1_37' title="bbox 209 3390 1953 3482; baseline -0.006 -23"><span class='ocrx_word' id='word_1_230' title='bbox 209 3397 484 3482; x_wconf 76' lang='lat' dir='ltr'><strong>quuitur</strong></span> <span class='ocrx_word' id='word_1_231' title='bbox 511 3395 1002 3468; x_wconf 47' lang='lat' dir='ltr'><strong>mendaciumaex</strong></span> <span class='ocrx_word' id='word_1_232' title='bbox 1013 3396 1285 3476; x_wconf 75' lang='lat' dir='ltr'><strong>propriis</strong></span> <span class='ocrx_word' id='word_1_233' title='bbox 1309 3392 1601 3475; x_wconf 77' lang='lat' dir='ltr'><strong>loquitur,</strong></span> <span class='ocrx_word' id='word_1_234' title='bbox 1615 3390 1762 3474; x_wconf 75' lang='lat' dir='ltr'><strong>quia</strong></span> <span class='ocrx_word' id='word_1_235' title='bbox 1786 3410 1953 3451; x_wconf 84' lang='lat' dir='ltr'><strong>men-</strong></span> 
     </span>
     <span class='ocr_line' id='line_1_38' title="bbox 209 3476 1953 3574; baseline -0.007 -31"><span class='ocrx_word' id='word_1_236' title='bbox 209 3481 333 3543; x_wconf 69' lang='lat' dir='ltr'><strong>dax</strong></span> <span class='ocrx_word' id='word_1_237' title='bbox 359 3489 471 3556; x_wconf 72' lang='lat' dir='ltr'><strong>est,</strong></span> <span class='ocrx_word' id='word_1_238' title='bbox 501 3488 686 3574; x_wconf 80' lang='lat' dir='ltr'><strong>atque</strong></span> <span class='ocrx_word' id='word_1_239' title='bbox 714 3477 845 3561; x_wconf 61' lang='lat' dir='ltr'><strong>q&#39;us</strong></span> <span class='ocrx_word' id='word_1_240' title='bbox 871 3479 968 3540; x_wconf 76' lang='lat' dir='ltr'><strong>rei</strong></span> <span class='ocrx_word' id='word_1_241' title='bbox 982 3486 1187 3573; x_wconf 78' lang='lat' dir='ltr'><strong>pater.</strong></span> <span class='ocrx_word' id='word_1_242' title='bbox 1251 3476 1563 3537; x_wconf 87' lang='lat' dir='ltr'><strong>Docemus</strong></span> <span class='ocrx_word' id='word_1_243' title='bbox 1595 3494 1738 3556; x_wconf 86' lang='lat' dir='ltr'><strong>ergo</strong></span> <span class='ocrx_word' id='word_1_244' title='bbox 1773 3494 1953 3554; x_wconf 87' lang='lat' dir='ltr'><strong>ange-</strong></span> 
     </span>
     <span class='ocr_line' id='line_1_39' title="bbox 210 3554 1952 3645; baseline -0.006 -19"><span class='ocrx_word' id='word_1_245' title='bbox 210 3564 301 3626; x_wconf 78' lang='lat' dir='ltr'><strong>los</strong></span> <span class='ocrx_word' id='word_1_246' title='bbox 330 3564 477 3626; x_wconf 87' lang='lat' dir='ltr'><strong>alios</strong></span> <span class='ocrx_word' id='word_1_247' title='bbox 497 3562 741 3645; x_wconf 75' lang='lat' dir='ltr'><strong>quidem</strong></span> <span class='ocrx_word' id='word_1_248' title='bbox 766 3561 1178 3644; x_wconf 77' lang='lat' dir='ltr'><strong>perstitisse-in</strong></span> <span class='ocrx_word' id='word_1_249' title='bbox 1200 3557 1561 3631; x_wconf 88' lang='lat' dir='ltr'><strong>obedientia,</strong></span> <span class='ocrx_word' id='word_1_250' title='bbox 1583 3578 1653 3618; x_wconf 88' lang='lat' dir='ltr'><strong>ac</strong></span> <span class='ocrx_word' id='word_1_251' title='bbox 1681 3554 1754 3617; x_wconf 90' lang='lat' dir='ltr'><strong>ad</strong></span> <span class='ocrx_word' id='word_1_252' title='bbox 1779 3556 1952 3616; x_wconf 84' lang='lat' dir='ltr'><strong>fidele</strong></span> 
     </span>
     <span class='ocr_line' id='line_1_40' title="bbox 211 3639 1951 3725; baseline -0.006 -15"><span class='ocrx_word' id='word_1_253' title='bbox 211 3647 331 3711; x_wconf 83' lang='lat' dir='ltr'><strong>Dei</strong></span> <span class='ocrx_word' id='word_1_254' title='bbox 360 3658 423 3709; x_wconf 85' lang='lat' dir='ltr'><strong>et</strong></span> <span class='ocrx_word' id='word_1_255' title='bbox 451 3646 770 3709; x_wconf 89' lang='lat' dir='ltr'><strong>hominum</strong></span> <span class='ocrx_word' id='word_1_256' title='bbox 802 3642 1201 3707; x_wconf 78' lang='lat' dir='ltr'><strong>ministerium</strong></span> <span class='ocrx_word' id='word_1_257' title='bbox 1237 3665 1367 3704; x_wconf 83' lang='lat' dir='ltr'><strong>esse</strong></span> <span class='ocrx_word' id='word_1_258' title='bbox 1402 3639 1762 3725; x_wconf 83' lang='lat' dir='ltr'><strong>deputatos:</strong></span> <span class='ocrx_word' id='word_1_259' title='bbox 1805 3639 1951 3700; x_wconf 87' lang='lat' dir='ltr'><strong>alios</strong></span> 
     </span>
    </p>
   </div>
   <div class='ocr_carea' id='block_1_10' title="bbox 1692 3854 1724 3865">
    <p class='ocr_par' dir='ltr' id='par_1_11' title="bbox 1692 3854 1724 3865">
     <span class='ocr_line' id='line_1_41' title="bbox 1692 3854 1724 3865; baseline 0 -2"><span class='ocrx_word' id='word_1_260' title='bbox 1692 3854 1724 3865; x_wconf 64' lang='lat' dir='ltr'><em>l</em></span> 
     </span>
    </p>
   </div>
  </div>
 </body>
</html>
