2418 4172
1219 330 1497 403 [xiv]

526 495 933 559 properemus.
1021 474 1180 533 Cum
1223 472 1425 553 itaque
1442 471 1622 552 juxta
1650 471 1905 533 Concilii
1935 471 2272 535 Tridentini

522 572 997 657 dispositionem,
1030 591 1241 631 omnes
1289 591 1441 651 quos
1489 568 1773 652 deinceps
1815 568 2278 645 cathedralibus,

523 678 587 728 et
624 667 1027 750 superioribus
1066 665 1332 728 ecclesiis
1366 665 1607 748 proefici,
1635 665 1728 726 vel
1772 664 1991 748 quibus
2031 663 2109 725 de
2146 664 2278 727 illa·

523 776 656 825 rum'
688 762 1101 844 dignitatibus,
1129 760 1602 833 canonicatibus,
1633 773 1693 821 et
1723 759 1853 821 aliis
1887 759 2279 842 quibuscum-

523 882 643 942 que
670 859 977 921 beneflciis
1006 857 1439 932 ecclesiasticis,
1460 878 1663 918 curam
1692 857 2026 918 animarum
2050 856 2278 918 baben·

524 956 706 1030 tibus,
732 954 1028 1039 provideri
1059 954 1386 1037 continget,
1416 953 1719 1036 publicam
1751 952 2102 1015 orthodoxe
2137 950 2277 1015 fidei

521 1051 949 1136 professionem
1008 1050 1220 1122 facere,
1278 1069 1460 1132 seque
1518 1049 1578 1109 in
1640 1049 1931 1110 Romanae
1988 1047 2277 1111 Ecclesiae

521 1147 862 1209 obedientia
903 1166 1325 1252 permansuros
1368 1143 1679 1228 spondere,
1707 1156 1768 1205 et
1796 1144 2000 1225 jurare
2035 1155 2281 1206 tenesn-

523 1258 638 1306 tur.
722 1243 855 1303 Nos
899 1242 1164 1303 volentes
1208 1239 1388 1301 etiam
1434 1261 1545 1323 per
1584 1261 2016 1322 quoscumque,
2057 1238 2278 1322 quibus

520 1337 596 1398 de
646 1334 1039 1405 monasteriis,
1083 1332 1496 1407 conventibus,
1533 1331 1836 1406 domibus,
1871 1340 1933 1392 et
1974 1330 2105 1392 aliis
2146 1330 2280 1412 qui-

523 1434 899 1511 buscumque
943 1429 1089 1489 locis
1131 1426 1525 1510 Regularium
1563 1446 2086 1535 quorumcumque
2120 1424 2282 1487 ordi·

522 1550 691 1603 num,
720 1526 900 1587 etiam
935 1523 1318 1598 Militarium,
1345 1545 1733 1633 quocumque
1776 1523 2022 1584 nomine
2061 1522 2155 1584 vel
2200 1522 2280 1584 ti-

522 1626 675 1700 tulo,
702 1623 1133 1708 providebitur,
1162 1622 1323 1683 idem
1355 1622 1592 1696 servari,
1620 1633 1682 1682 et
1710 1621 1784 1683 ad
1824 1621 1962 1694 hoc,
1990 1631 2060 1683 ut
2096 1620 2277 1683 unius

522 1734 584 1784 et
625 1720 892 1803 ejusdem
940 1719 1079 1781 fidei
1123 1718 1412 1803 professio
1457 1717 1835 1779 uniformiter
1876 1718 1953 1779 ab
1993 1717 2279 1780 omnibus

525 1817 903 1889 exhibeatur,
946 1815 1245 1896 unicaque
1285 1825 1349 1876 et
1390 1824 1551 1876 certa
1598 1813 1756 1875 illius
1806 1814 1998 1875 forma
2045 1814 2278 1877 cunctis

525 1914 878 1988 innotescat,
907 1924 1128 1974 nostroe
1170 1905 1587 1972 sollicitudinis
1623 1922 1822 1995 partes
1852 1911 1912 1972 in
1943 1911 2062 1973 hoc
2099 1911 2277 1975 alicui

526 2011 776 2073 minime
803 2008 1143 2083 desiderari,
1174 1996 1427 2068 formam
1460 2007 1651 2091 ipsam
1675 2007 2070 2091 proesentibus
2092 2030 2281 2071 anno-

525 2119 714 2170 tatam
744 2105 1056 2191 publicari,
1086 2115 1147 2165 et
1179 2105 1400 2186 ubique
1429 2103 1702 2187 gentium
1734 2127 1842 2188 per
1873 2127 1975 2166 eos
2013 2105 2086 2168 ad
2126 2129 2278 2191 qnos

525 2224 600 2265 ex
623 2202 873 2264 decretis
897 2202 1082 2285 ipsius
1111 2200 1391 2277 Concilii,
1415 2212 1478 2261 et
1507 2201 1652 2261 alios
1680 2201 2001 2285 praedictos
2024 2213 2278 2286 spectat,

527 2300 708 2383 recipi
753 2310 815 2360 et
856 2298 1174 2373 observari,
1202 2319 1271 2359 ac
1309 2299 1423 2358 sub
1451 2298 1648 2380 poenis
1677 2320 1785 2381 per
1809 2297 2153 2359 Concilium
2185 2298 2282 2382 ip-

529 2418 661 2458 sum
723 2396 783 2456 in
840 2394 1353 2456 contravenientes
1412 2393 1567 2468 latis,
1602 2395 1782 2475 juxta
1837 2394 1996 2456 hanc
2045 2405 2106 2455 et
2154 2415 2275 2456 non

528 2493 707 2553 aliam
751 2491 1028 2565 formam,
1068 2489 1494 2573 professionem
1540 2490 1884 2573 praedictam
1932 2489 2281 2552 solemniter

531 2590 656 2653 fieri
703 2589 1053 2651 auctoritate
1096 2588 1420 2671 apostolica
1468 2599 1673 2650 tenore
1723 2590 2107 2673 praesentium
2159 2581 2317 2653 dis-'

528 2688 703 2750 triete
732 2684 1134 2770 praecipiendo
1164 2684 1522 2747 mandamus
1555 2686 1896 2767 hujusmodi
1921 2688 2035 2750 sub
2054 2699 2277 2754 tenore.

613 2784 751 2869 Ego
777 2783 863 2846 N.
894 2785 1002 2845 διο.

1323 2948 1406 3011 11.

619 3072 1147 3138 HELVETICAE
1174 3068 1581 3134 Confessionis
1613 3075 1740 3136 haec
1768 3075 1883 3137 fuit
1908 3077 2279 3141 constitutio:

535 3175 715 3236 Anno
734 3169 990 3233 Domini
1027 3169 1203 3233 1⁵³6.
1233 3192 1421 3252 quum
1453 3172 1674 3254 passim
1706 3172 2098 3237 affirmaretur
2116 3175 2281 3238 Con-

534 3269 736 3333 cilium
762 3265 1239 3329 OEcumenicum
1264 3267 1425 3328 brevi
1455 3266 1743 3344 futurum,
1763 3270 1985 3333 clariss.
2004 3271 2089 3335 D.
2109 3272 2279 3336 Coss.

535 3379 597 3429 et
625 3365 885 3448 ampliss.
905 3363 1256 3427 Basiliensis
1283 3363 1562 3439 Senatus,
1584 3366 1959 3449 evangelicas
1980 3367 2279 3432 Helvetiae

537 3462 805 3527 civitates
846 3460 1133 3535 evocavit,
1162 3471 1233 3521 ut
1269 3462 1579 3522 communi
1618 3482 1911 3525 consensu
1941 3465 2281 3528 conseribe—
2371 3478 2377 3482 ”

539 3570 699 3623 retur
763 3557 1062 3640 religionis
1128 3579 1249 3619 suoe
1305 3557 1639 3631 Confessio,
1695 3577 1831 3640 quo
1895 3558 2281 3625 exhiberetur
