2418 4172
497 376 605 435 294
1144 376 1628 433 CONFESSIO

505 520 809 580 infirmam
851 528 1124 578 naturam
1170 518 1487 580 hominum
1526 518 1868 602 impellunt,
1894 528 1965 581 ut
1991 518 2250 582 horribi-

504 601 640 662 liter
675 601 1132 662 contaminetur.
1217 602 1420 670 Quare
1457 613 1519 662 et
1557 602 1784 684 ubique
1821 601 2048 667 ethnici
2086 624 2252 685 quae-

506 684 647 746 dam
687 693 839 744 tetra
876 684 1154 766 exempla
1191 684 1580 759 admiserunt,
1606 695 1670 745 et
1706 705 1944 768 semper
1985 683 2251 746 heretici

508 777 880 851 portentosas
936 766 1248 849 opiniones
1306 766 1382 827 de
1438 767 1720 850 conjugio
1778 777 2140 861 sparserunt,
2181 776 2254 828 ut

511 860 752 910 narrant
801 849 1084 910 Clemens
1130 849 1570 911 Alexandrinus
1615 862 1677 910 et
1717 848 2136 932 Epiphaniusz
2190 858 2255 909 et

513 953 796 1014 magnam
840 930 1282 992 deformitatem
1331 932 1392 992 in
1438 932 1552 993 hac
1594 944 1863 993 extrema
1904 930 2115 992 mundi
2161 951 2253 991 se-

509 1025 684 1076 necta
722 1014 991 1074 fecerunt
1017 1013 1257 1074 Turcici
1300 1035 1514 1088 mores,
1542 1026 1603 1075 et
1640 1015 1739 1075 lex
1778 1036 1950 1097 papoe
1977 1012 2054 1075 de
2081 1012 2253 1074 coeli-

510 1097 675 1157 batu.
760 1094 1040 1155 Affirmat
1082 1107 1282 1155 autem
1328 1096 1566 1169 Paulus,
1609 1096 1852 1179 signum
1894 1118 2023 1157 esse
2067 1095 2253 1157 malo-

513 1200 645 1238 rum
679 1200 704 1236 s
752 1177 1020 1248 irituum,
1093 1176 1366 1237 rohibere
1394 1177 1691 1260 conjugia.
1779 1178 1980 1247 Quare
2012 1199 2253 1240 summa

515 1282 656 1320 cura
724 1258 1012 1319 octrinam
1109 1258 1163 1318 ei
1192 1258 1267 1319 de
1296 1258 1581 1341 conjugio
1615 1260 2021 1343 incorruptam
2059 1282 2255 1322 serva-

513 1364 666 1415 mus,
694 1352 755 1401 et
783 1340 904 1401 Dei
937 1341 1228 1401 beneficio
1260 1341 1641 1423 magistratus
1669 1341 1899 1424 politici
1921 1341 1984 1402 in
2008 1363 2116 1403 sua
2144 1364 2255 1424 gu-

512 1424 856 1484 bernatione
874 1422 1104 1503 judicia
1132 1423 1547 1506 conjugiorum
1584 1424 1969 1486 instituerunt
1994 1436 2056 1485 et
2082 1434 2257 1486 tuen-

511 1519 645 1567 tur:
689 1518 750 1566 et
790 1528 990 1566 severe
1026 1506 1292 1589 puniunt
1331 1507 1551 1567 scelera
1590 1507 1921 1590 pugnantia
1949 1528 2088 1568 cum
2120 1507 2253 1590 lege

511 1589 668 1649 Dei:
713 1599 774 1649 et
816 1588 1013 1649 sciunt
1056 1589 1340 1650 mandato
1381 1588 1585 1650 divino
1671 1589 1868 1672 raecipi
1903 1589 2017 1651 sibi
2045 1611 2252 1651 curam

514 1671 752 1732 tuendae
788 1671 1095 1744 castitatis,
1124 1682 1187 1732 et
1222 1672 1504 1753 conjugii.
1589 1613 1893 1733 'lgnemus
1922 1683 2122 1734 autem
2152 1694 2255 1734 ve-

511 1776 634 1815 ram
676 1753 1110 1827 definitionem,
1140 1753 1434 1814 mandatis
1476 1754 1691 1814 divinis
1730 1767 1791 1815 et
1831 1754 2251 1815 consuetudini

511 1836 796 1898 Ecclesiae
835 1836 1665 1918 apostolicaecongruentem.
1750 1836 2117 1919 Conjugium
2159 1848 2253 1898 est

510 1920 783 2002 legitima
823 1931 885 1978 et
927 1918 1354 1979 indissolubilis
1397 1918 1744 1997 conjunctio
1786 1931 2024 1980 tantum
2071 1919 2250 1980 unius

512 2002 692 2063 maris
721 2011 782 2061 et
812 2000 990 2060 unius
1019 2001 1305 2075 foeminae,
1333 1999 1699 2060 observanda
1727 2012 1971 2083 propter
2003 2001 2253 2063 manda-

511 2097 640 2146 tum
685 2083 824 2157 Dei,
853 2083 956 2163 qui
1005 2082 1135 2142 vult
1175 2083 1291 2142 hoc
1332 2082 1516 2143 modo
1554 2082 1962 2144 consociatum
1992 2104 2122 2144 esse
2147 2104 2252 2166 ge-

510 2190 620 2228 nus
660 2166 1016 2235 humanum,
1046 2175 1108 2225 et
1142 2164 1478 2226 castitatem
1509 2165 1783 2248 intelligi,
1810 2179 1873 2227 et
1899 2186 2022 2227 non
2048 2166 2250 2249 vagari

509 2248 806 2310 libidines.

594 2332 784 2393 Hunc
821 2331 1092 2393 ordinem
1133 2333 1331 2394 sanxit
1361 2333 1528 2395 Deus
1569 2333 1759 2403 initio,
1788 2333 1851 2394 in
1891 2332 2009 2394 hoc
2045 2330 2249 2393 dicto:

511 2415 724 2476 Erunt
765 2415 880 2476 duo
922 2416 988 2476 in
1031 2436 1276 2476 carnem
1317 2438 1521 2489 unam,
1549 2416 1826 2477 videlicet
1866 2415 2076 2477 unicus
2119 2436 2250 2475 mas

509 2510 570 2558 et
613 2499 790 2558 unica
830 2497 1084 2559 foemina
1127 2497 1596 2581 inseparabiliter
1624 2499 1844 2578 juncti.
1928 2497 2012 2559 Et
2050 2518 2250 2557 rursus

512 2580 740 2641 sancita
772 2591 862 2640 est
891 2580 1023 2640 haec
1051 2580 1246 2662 prima
1275 2603 1484 2641 norma
1513 2603 1547 2641 a
1574 2581 1837 2652 Christo,
1867 2578 2094 2641 Matth.
2123 2579 2250 2640 xix.

513 2663 602 2724 Ut
645 2674 845 2724 autem
890 2661 967 2722 sit
1009 2662 1279 2744 legitima
1321 2663 1682 2744 conjunctio,
1711 2684 2013 2724 servamus
2047 2683 2250 2745 perso-

507 2767 718 2806 narum
785 2744 1132 2806 discrimina
1191 2747 1690 2807 immutabiliter:
1756 2768 1831 2806 ne
1886 2743 2250 2807 concedatur

512 2827 868 2889 commixtio
897 2849 1303 2910 personarum,
1323 2829 1543 2909 quibus
1561 2829 1699 2909 jure
1726 2828 1932 2889 divino
1959 2849 2082 2889 non
2109 2848 2252 2889 con-

510 2934 674 2971 cessa
702 2921 792 2971 cst
821 2910 1196 2971 commixtim
1282 2910 1605 2973 Servantur
1632 2924 1693 2973 et
1723 2911 1941 2994 regulae
1961 2910 2114 2991 juris
2150 2931 2251 2971 ca-

511 2994 711 3054 nonici
751 2992 827 3054 de
865 2993 996 3054 aliis
1026 2993 1403 3077 propioribus
1433 2994 1732 3078 gradibus,
1761 3006 1829 3056 ut
1858 3005 2067 3055 extant
2091 2991 2252 3053 ordi-

511 3076 780 3137 nationes
825 3077 987 3159 gravi
1030 3075 1456 3139 deliberatione
1499 3078 1728 3139 traditae
1772 3077 1834 3138 in
1867 3074 2251 3138 consistoriis.

511 3160 748 3221 Scimus
782 3171 984 3220 autem
1016 3160 1387 3221 voluntatem
1418 3160 1534 3222 Dei
1571 3183 1718 3234 esse,
1748 3182 1825 3221 ne
1864 3159 2253 3243 prohibeatur

512 3242 861 3324 conjugium
905 3240 1042 3303 ullis
1087 3243 1372 3325 personis,
1400 3266 1539 3338 quae
1576 3255 1716 3304 sunt
1747 3242 1974 3306 idoneoe
2003 3240 2078 3303 ad
2106 3260 2249 3303 con-

499 3325 778 3407 jugium:
824 3337 885 3386 et
922 3347 1056 3406 quae
1096 3337 1263 3387 extra
1297 3327 1644 3409 conjugium
1677 3348 1797 3387 non
1826 3325 2091 3388 viverent
2115 3322 2248 3384 ab·-

505 3430 623 3487 que
665 3408 930 3491 periculo
973 3408 1391 3471 conscientiae:
1436 3410 1594 3471 sicut
1623 3409 1780 3470 Gen.
1811 3408 1870 3470 ii.
1911 3407 2093 3471 Mntt.
2121 3402 2245 3464 xix.

518 3502 538 3550 l
577 3490 715 3550 Cor.
740 3490 836 3551 vii.
868 3490 1154 3574 scriptum
1188 3503 1293 3553 est.
1380 3491 1533 3554 Ideo
1561 3490 1909 3554 conceditur
1944 3482 2111 3577 apud·
2137 3505 2245 3577 ¹¹9⁸

512 3572 854 3654 conjugium
888 3572 1310 3649 sacerdotibus,
1337 3587 1400 3636 et
1428 3575 1557 3637 aliis
1587 3572 1873 3657 personis,
1889 3588 2024 3650 que
2053 3587 2152 3649 ple
2184 3588 2241 3626 m

2401 2251 2418 2428 ’,ια’-ηιμ·
2406 2173 2418 2225 ,μ
