2418 4172
639 336 1193 391 AUGUSTANA
1243 335 1501 390 MDXL.
1830 335 1930 395 191

193 500 403 547 omna
435 478 830 553 ceremonias,
858 500 1068 540 omnes
1106 480 1301 540 bonos
1334 497 1530 538 mores
1568 476 1631 536 in
1670 476 1935 538 ecclesiis

194 560 378 633 ddsri
433 583 473 623 a
524 562 718 624 nobis.
805 562 960 623 Haec
1009 561 1262 623 erimina
1318 571 1520 654 aperte
1575 557 1723 619 falsa
1780 570 1958 633 sunt„

192 643 328 709 Nos
354 644 517 705 enim
549 656 610 706 et
638 645 1007 706 ceremonias
1033 642 1322 703 divinitus
1357 642 1664 702 institutas
1701 660 1938 701 summa

193 725 416 812 pietate
442 747 883 798 conservamus,
908 738 971 785 et
999 736 1068 785 ut
1095 746 1299 784 earum
1331 722 1725 784 reverentiam
1758 743 1942 804 ange-

193 829 416 880 remus,
453 821 690 871 tantum
735 829 924 867 novos
964 806 1256 887 quosdam
1302 808 1522 867 abusus
1567 805 1940 879 sustulimus,

193 890 300 973 qui
339 902 547 953 contra
588 890 966 971 scripturam,
996 901 1201 950 contra
1231 901 1456 950 veteres
1487 910 1764 961 canones,
1791 909 1941 948 con-

193 984 287 1036 tra
325 973 539 1035 veteris
575 973 841 1034 ecclesiae
881 973 1180 1054 exempla,
1210 973 1341 1032 sine
1373 972 1495 1032 ulla
1534 981 1694 1032 certa
1724 971 1945 1031 autori-

194 1066 319 1117 tate
368 1055 514 1116 vitio
555 1067 899 1138 temporum
947 1056 1167 1138 recepti
1220 1067 1377 1116 sunt.
1464 1055 1556 1116 Ac
1605 1075 1822 1134 magna
1865 1075 1941 1113 ex

194 1148 366 1221 parte
413 1148 639 1199 veteres
685 1138 835 1198 ritus
877 1137 1196 1219 diligenter
1246 1137 1403 1231 apud
1457 1158 1566 1197 nos
1617 1148 1943 1197 servantur.

196 1221 403 1291 Quare
444 1242 748 1302 rogamus,
775 1232 844 1281 ut
872 1221 1146 1283 Caesarea
1174 1233 1454 1301 majestas
1483 1220 1809 1280 clementer
1842 1241 1946 1279 au-

196 1302 344 1376 dm,
372 1303 520 1384 quid
563 1305 627 1364 in
669 1304 932 1396 externis
973 1304 1189 1364 ritibus
1232 1314 1511 1377 servetur,
1539 1302 1683 1384 quid
1722 1324 1842 1384 qua
1869 1300 1948 1362 de

198 1407 381 1448 causa
406 1397 709 1448 mutatum
742 1397 840 1447 sit.

842 1550 1305 1591 *-

489 1723 967 1793 ARTICULI
1018 1723 1153 1791 DE
1203 1723 1671 1791 ABUSIBUS

342 1894 470 1948 QUI
503 1894 579 1942 IN
612 1892 963 1941 EXTERNIS
998 1891 1275 1940 RITIBUS
1311 1892 1576 1940 MUTATI
1614 1892 1811 1941 SUNT.

902 2027 1007 2088 De
1035 2027 1259 2089 Missa.

205 2112 509 2194 FALSO
550 2139 907 2192 accusantur
942 2130 1208 2190 ecclesiae
1246 2139 1482 2202 nostrae,
1511 2126 1673 2209 quod
1702 2129 1950 2191 missam
1998 2178 2001 2180 -

207 2215 507 2276 aboleant.
600 2212 920 2273 Retinetur
991 2213 1156 2272 enim
1222 2211 1407 2272 missa
1470 2210 1630 2294 apud
1698 2234 1827 2284 nos,
1891 2223 1954 2273 et

208 2318 451 2359 summa
490 2296 818 2356 reverentia
861 2295 1227 2364 celebratum
1273 2306 1582 2355 servantur
1617 2305 1679 2355 et
1716 2294 1964 2356 usitatae·

208 2378 562 2442 ceremoniae
610 2378 733 2439 fere
780 2399 1010 2448 omnes,
1053 2389 1453 2460 praeterquam
1509 2377 1672 2457 quod
1718 2377 1968 2438 Latinis

207 2462 588 2525 cantionibus
646 2459 1055 2521 admiscentur
1109 2460 1327 2520 alicubi
1380 2459 1778 2535 Germanicae,
1818 2481 1956 2541 quae

210 2544 433 2607 addita:
484 2554 628 2604 sunt
683 2542 758 2603 ad
808 2542 1147 2604 docendum
1198 2542 1514 2636 populum.
1598 2541 1747 2603 Ideo
1788 2542 1953 2604 enim

210 2649 368 2710 opus
391 2639 484 2688 eat
509 2626 883 2699 ceremoniis,
911 2637 982 2687 ut
1009 2625 1264 2686 doceant
1291 2625 1621 2707 imperitos,
1650 2636 1711 2685 et
1742 2636 1959 2687 tracta-

212 2709 302 2770 tio
337 2708 502 2769 verbi
531 2708 651 2769 Dei
691 2709 917 2770 excitet
952 2709 1182 2791 aliquos
1222 2707 1295 2768 ad
1329 2730 1536 2769 verum
1566 2709 1868 2782 timorem,
1896 2719 1960 2769 et

215 2789 423 2865 fidem,
450 2802 513 2851 et
535 2790 1000 2852 invocationem.
1073 2790 1158 2851 Et
1187 2814 1311 2851 non
1341 2791 1534 2851 solum
1560 2790 1780 2850 Paulus
1808 2811 1961 2872 prae-

216 2872 382 2955 oepit
404 2872 500 2935 uti
523 2872 732 2955 lingna
757 2874 1061 2935 intellecta
1089 2874 1335 2957 popule,
1360 2873 1461 2932 sed
1492 2873 1671 2932 etiam
1705 2873 1789 2932 ita
1817 2894 1970 2932 con-

217 2954 494 3016 anuum
551 2968 643 3015 est
700 2955 967 3016 humano
1005 2955 1161 3036 jare.
1246 2956 1523 3016 Adsuefit
1571 2954 1851 3037 populus,
1886 2965 1970 3015 nt*

218 3048 616 3099 mutantur
639 3050 1031 3131 sacramento,
1061 3039 1216 3119 siqui
1248 3050 1389 3099 sunt
1417 3037 1635 3098 idonei.
1707 3036 1780 3097 ld
1809 3058 1958 3117 quo-

219 3141 341 3201 que
366 3130 547 3200 auget
572 3130 960 3181 reverentiam
991 3132 1053 3181 et
1081 3121 1432 3203 religionem
1461 3120 1839 3202 publicarum
1864 3141 1973 3181 ce-

218 3201 643 3263 remoniarum.
727 3201 899 3263 Nulli
947 3204 1113 3264 enim
1168 3203 1589 3276 admittuntur,
1631 3202 1750 3261 nisi*
1840 3201 1976 3263 rius¹

220 3283 534 3366 explorati.
615 3282 1040 3345 Admonentur
1086 3285 1267 3345 etiam
1321 3284 1597 3344 homines
1646 3283 1723 3344 de
1830 3284 1965 3367 gni-

219 3378 346 3429 tate
373 3375 437 3427 et
462 3387 575 3426 usu
605 3366 983 3438 sacramenti,
1003 3378 1293 3449 quantam
1322 3366 1795 3427 consolationem
1823 3387 1965 3449 pro-

220 3460 412 3533 ponat
458 3448 552 3509 bis
597 3449 706 3530 qui
914 3459 941 3508 t
980 3448 1426 3532 poenitentiam,
1466 3459 1537 3510 ut
1577 3447 1815 3510 discant
1854 3449 1966 3511 ho-

223 3532 427 3594 mines
456 3543 530 3592 et
559 3531 772 3593 timere
945 3552 1027 3603 m,
1055 3540 1118 3591 et
1144 3530 1401 3605 credere,
1427 3542 1490 3592 et
1516 3541 1835 3594 exerceant
1869 3531 1965 3593 in-

222 3614 620 3688 vocationem,
646 3624 863 3696 petant
900 3624 970 3675 et
1003 3623 1333 3697 expectent·
1368 3614 1525 3675 bona
1565 3635 1602 3676 a
1629 3612 1787 3677 Deo.
1870 3613 1962 3677 Hi
2023 3683 2032 3687 ,

1660 3770 1693 3784 s
