2418 4172
454 356 562 408 264
1081 350 1569 407 CONFESSIO

454 494 656 578 liquioe
705 496 953 580 peccati.
1045 494 1193 556 Ideo
1241 493 1500 556 tenenda
1544 505 1637 554 est
1687 493 1815 554 baec
1857 488 2206 567 consolatio,

496 579 688 642 lacere
716 600 1034 662 personam
1063 589 1307 661 propter
1336 576 1559 638 Filium
1592 574 1735 651 Dei,
1763 576 2063 659 imputata
2097 598 2205 638 no-

451 602 546 724 eis
589 662 776 746 ipsius
810 662 1067 742 justitia,
1107 662 1263 722 sicut
1308 660 1488 720 Rom.
1519 659 1595 719 iv.
1637 658 1875 731 dicitur,
1926 659 2206 721 Credidit

452 745 772 808 Abraham
813 745 974 819 Deo,
1004 753 1062 806 et
1099 745 1465 826 imputatum
1508 750 1598 803 est
1640 744 1697 803 ei
1737 742 1822 802 ad
1839 740 2159 823 justitiam
2178 766 2203 804 .-

450 826 620 904 item,
663 829 850 890 Beati
904 850 1158 912 quorum
1213 827 1476 888 remis-sce
1529 834 1669 886 sunt
1724 825 2101 908 iniquitates,
2145 831 2208 886 et

450 933 711 1006 quorum
754 919 915 973 tecta
957 918 1100 973 sunt
1136 918 1408 992 peccata.
1494 908 1709 989 ltaque
1751 920 1811 968 et
1855 905 2202 968 correlative

452 995 642 1055 intelli
688 993 843 1055 enda
882 1005 972 1054 est
1015 994 1146 1054 baec
1186 994 1397 1066 oratic,
1425 991 1578 1052 Fide
1597 988 2046 1074 justyflcamur,
2087 989 2205 1050 hoc

450 1090 562 1151 est,
592 1080 629 1137 fl
680 1077 812 1137 ucia
852 1076 988 1136 Filii
1019 1076 1137 1136 Dei
1173 1075 1599 1155 justificamur,
1628 1096 1749 1135 non
1790 1085 2034 1157 propter
2067 1094 2205 1133 nos-

450 1170 606 1220 tram
654 1158 1030 1239 qualitatem,
1069 1157 1172 1218 sed
1224 1157 1367 1238 quia
1414 1155 1540 1238 ipse
1587 1168 1680 1218 est
1727 1156 2103 1250 propitiator,
2137 1155 2202 1216 in

450 1263 574 1323 quo
617 1263 719 1301 cor
762 1240 1107 1322 acquiescit,
1152 1239 1372 1299 fiducia
1422 1239 1729 1320 promissae
1780 1237 2203 1300 misericordie

451 1334 697 1406 propter
723 1345 886 1398 eum,
913 1344 1096 1403 quam
1129 1321 1415 1382 fiduciam
1447 1320 1576 1403 ipse
1597 1319 1823 1402 Spiritu
1849 1341 1960 1383 suo
1979 1322 2205 1382 Sancto

450 1406 800 1479 exsuscitat,
855 1406 1014 1467 sicut
1070 1405 1269 1486 inquit
1324 1402 1582 1464 Paulus:
1610 1402 1983 1483 ‚Accepta-tis
2105 1402 2121 1418 ⁶
2166 1402 2182 1417 ⁶

451 1498 581 1632 §ajam
626 1489 966 1571 adoptionis
996 1486 1301 1572 filiorum,
1343 1487 1410 1547 in
1458 1507 1577 1569 quo
1626 1485 1978 1561 clamamus,
2027 1485 2205 1547 Abba

513 1580 668 1633 ater.

538 1654 664 1716 Hic
719 1667 781 1715 et
836 1654 913 1715 de
1018 1653 1267 1715 articula
1330 1652 1635 1714 exclusiva
1699 1650 2026 1712 dicendum
2092 1660 2204 1711 est.

448 1738 657 1798 Toties
709 1737 926 1820 repetit
968 1677 1189 1798 gaulus
1228 1735 1591 1796 vocabulum
1631 1734 1858 1816 gratis,
1888 1754 2008 1814 qua
2057 1754 2204 1795 voce

451 1820 850 1882 certissimum
916 1830 1007 1880 est
1072 1817 1311 1880 excludi
1378 1816 1786 1879 conditionem
1851 1815 2201 1877 meritorum

454 1914 814 1964 nostrorum.
903 1901 1050 1963 Ideo
1094 1901 1154 1963 in
1186 1897 1462 1962 ¹ecclesiis
1502 1899 1720 1960 nostris
1747 1898 2005 1960 dicitur:
2051 1898 2206 1960 nde

449 1983 1023 2069 solajustrficamur
1043 2009 1066 2044 .-
1109 1983 1272 2065 quod
1303 1982 1389 2043 sic
1418 1981 1833 2064 intelligimus,
1853 1991 1917 2041 et
1942 1978 2206 2043 declara-

454 2091 623 2131 mus:
666 2069 867 2151 gratis,
896 2077 1140 2150 propter
1182 2066 1381 2127 solum
1421 2063 1847 2137 Mediatorem,
1875 2084 1997 2124 non
2026 2084 2207 2147 prop-

452 2163 544 2213 ter
571 2164 832 2212 nostram
866 2149 1315 2222 contritionem,
1335 2169 1441 2208 seu
1471 2147 1587 2208 alia
1614 2158 1817 2208 nostra
1846 2146 2079 2220 merita,
2098 2144 2208 2208 do-

452 2257 669 2295 namur
723 2234 1076 2295 remissione
1131 2244 1536 2315 peccatorum,
1585 2241 1647 2291 et
1702 2228 2204 2291 reconciliatione.

452 2318 585 2379 Etsi
616 2318 778 2379 enim
811 2316 1093 2379 contritio
1121 2327 1184 2376 et
1212 2315 1342 2376 aliae
1371 2314 1621 2375 virtutes
1651 2313 1863 2374 multae
1892 2333 2034 2374 cum
2064 2310 2204 2387 fide,

452 2423 554 2461 seu
600 2402 713 2462 bac
742 2399 966 2461 fiducia
994 2398 1174 2460 simul
1217 2396 1657 2459 accenduntur:
1701 2408 1905 2456 tamen
1953 2395 2045 2456 hoe
2088 2394 2205 2454 vir·

452 2494 612 2544 tutes
652 2506 772 2544 non
815 2493 957 2544 sunt
993 2502 1193 2556 causa,
1222 2503 1325 2541 seu
1357 2478 1638 2540 meritum
1671 2477 2036 2538 remissionis
2065 2498 2206 2559 peo-

452 2577 745 2639 catorum‚
774 2587 887 2626 nec
926 2575 1173 2662 propter
1214 2585 1313 2623 eas
1354 2583 1608 2645 persona
1644 2561 1879 2643 placete
1913 2559 2095 2639 juxta
2134 2559 2205 2620 il-

453 2647 578 2721 lud,
607 2647 752 2709 Non
802 2644 1229 2731 ’ustgficabitur
1271 2646 1335 2706 in
1378 2651 1695 2726 conspectu
1726 2651 1843 2704 tuo
1883 2642 2079 2704 omnis
2117 2642 2207 2704 vi·

452 2753 639 2793 vens.-
699 2671 810 2793 seg
864 2730 1045 2792 babet
1099 2728 1509 2790 remissionem
1568 2739 1630 2787 et
1686 2726 1882 2809 placet
1950 2745 2206 2808 persona

453 2826 618 2876 certo
673 2826 918 2898 propter
964 2811 1387 2884 Mediatorem,
1430 2832 1612 2892 quem
1666 2809 1786 2870 fide
1833 2831 1865 2870 a
1912 2806 2204 2892 prehendi

451 2909 708 2980 oportet,
752 2909 818 2959 ut
860 2896 933 2958 ad
977 2895 1207 2979 Ephes.
1250 2917 1382 2977 cap.
1412 2894 1494 2955 iii.
1537 2892 1796 2954 dicitur:
1852 2831 1987 2955 fler
2026 2911 2206 2975 quem

454 2981 747 3043 audemus
790 2979 1079 3042 accedere
1112 2975 1464 3061 infiducia,
1532 3000 1622 3038 uoe
1662 2983 1753 3037 est
1784 2997 1898 3056 per
1898 2972 2107 3058 fidem
2138 2973 2206 3035 in

454 3086 605 3125 eum.
692 3064 847 3126 Hoec
887 3074 1014 3124 tota
1050 3060 1323 3123 doctrina
1367 3063 1437 3122 fit
1480 3059 1498 3120 i
1528 3059 1765 3121 lustrior
1795 3058 1856 3119 in
1886 3079 2023 3119 vera
2057 3078 2206 3118 con-

453 3147 721 3208 versione
764 3158 826 3208 et
867 3145 1220 3227 quotidiana
1271 3142 1649 3204 invocatione
1700 3142 1957 3224 piorum.
2042 3139 2203 3201 Cum

452 3230 911 3312 expavescimus
950 3227 1257 3372 affgnitione
1294 3227 1395 3288 irae
1426 3225 1567 3300 Dei,
1598 3226 1728 3286 haec
1765 3246 1883 3286 una
1910 3234 2003 3298 est
2031 3224 2205 3284 firma

455 3313 803 3385 consolatio,
860 3334 975 3374 con
1005 3332 1185 3394 ugere
1242 3309 1317 3371 ad
1376 3309 1598 3370 Filium
1651 3307 1795 3381 Dei,
1835 3306 1939 3388 qui
1990 3302 2204 3386 inquit,

462 3394 683 3457 Venite
721 3396 806 3458 ad
840 3417 938 3457 me
974 3415 1177 3456 omnes
1304 3394 1319 3407 ⁰
1354 3392 1648 3454 taboratis
1677 3399 1735 3453 et
1762 3387 2005 3452 onerati
2039 3384 2203 3457 estis,

456 3472 517 3537 el
553 3501 664 3561 ego
702 3477 976 3576 reficiam
1013 3499 1134 3539 vos.
1258 3488 1405 3549 tem,
1438 3475 1595 3537 Vivo
1630 3496 1760 3557 ego,
1787 3470 1924 3535 nolo
1947 3474 2200 3531 nortem

449 3570 807 3641 peccatores,
833 3562 944 3622 sed
967 3569 1039 3622 ut
1068 3567 1456 3622 convertatur
1478 3566 1539 3620 et
1558 3557 1741 3619 vivat.
1828 3552 2006 3624 Item,
2032 3548 2202 3611 Gra-

457 3643 545 3703 tia
586 3644 876 3703 exuberat
914 3664 1104 3723 supra
1140 3648 1476 3722 peccatum.
1563 3639 1636 3698 ln
1681 3635 1773 3698 his
1814 3632 2121 3696 doloribus
2151 3632 2199 3694 si
