2418 4172
516 391 627 447 816
1142 351 1626 446 coNffinssm
1772 425 1790 437 .
2130 423 2169 442 s

516 532 749 596 traditae
779 533 840 594 in
869 532 1107 617 scriptis
1135 532 1504 616 propheticis
1531 542 1595 592 et
1622 532 1965 615 apostolicis
1995 544 2059 595 et
2096 554 2262 615 sym·

515 616 690 689 bolis,
717 637 1103 697 nequaquam
1134 615 1519 676 dubitamus:
1562 625 1626 675 et
1643 636 1720 676 ex
1743 615 1992 676 vetustis
2011 615 2263 698 scripto-

512 700 679 761 ribus
720 699 1137 760 sincerioribus
1184 698 1371 759 intelli
1421 698 1433 709 ‘
1485 708 1705 780 potest,
1746 718 2079 779 congruere
2123 719 2259 760 eam

513 804 652 844 cum
684 783 864 844 veteri
897 792 958 842 et
987 782 1226 864 puriore
1253 780 1381 841 Ecc
1408 781 1545 841 esis.

595 864 879 927 Ostendit
907 877 1111 924 autem
1136 886 1227 924 res
1250 864 1397 945 ipsa,
1419 885 1529 923 nos
1558 885 1682 924 non
1713 861 2057 924 curiositate
2077 882 2261 924 novas

510 957 618 1008 aut
656 959 894 1030 argutas
929 945 1368 1029 disputationes
1407 945 1774 1027 quaesivisse‚
1802 967 1914 1006 nec
1942 943 2018 1006 de
2047 955 2262 1027 poten-

507 1028 593 1090 tia
638 1042 742 1090 aut
782 1029 1000 1111 opibus
1042 1028 1424 1101 contendere,
1453 1027 1557 1088 sed
1586 1039 1826 1089 tantum
1863 1025 2258 1088 necessariam

506 1110 841 1172 doctrinam
870 1109 948 1170 ad
970 1130 1170 1170 veram
1200 1110 1644 1171 invocationem
1666 1109 1808 1182 Dei,
1827 1109 1904 1171 ad
1932 1130 2102 1172 veros
2128 1109 2261 1173 cul-

504 1203 625 1267 tus,
653 1192 727 1253 ad
766 1213 967 1253 veram
1010 1191 1420 1271 cognitionem
1452 1191 1591 1252 Filii
1618 1191 1760 1261 Dei,
1788 1202 1851 1252 et
1885 1190 1963 1253 ad
2000 1192 2258 1255 salutem

505 1275 867 1347 animarum,
894 1295 971 1334 ex
1018 1294 1240 1355 magna
1287 1273 1543 1355 ealigine
1584 1273 1974 1336 traditionum
2019 1284 2085 1336 et
2125 1274 2257 1356 opi·

504 1357 757 1418 nionum
815 1356 1103 1429 evolvere,
1158 1367 1221 1416 et
1276 1355 1389 1416 sim
1440 1355 1721 1416 licissime
1777 1377 1847 1416 ae
1909 1354 2259 1450 planissime

502 1461 639 1500 eam
670 1438 937 1500 ecclesiis
967 1459 1318 1522 proponere.
1468 1460 1670 1500 ecesse
1706 1449 1799 1499 est
1834 1459 2001 1501 enim
2042 1458 2257 1503 omnes

503 1543 677 1582 sanos
734 1521 924 1596 fateri,
970 1542 1219 1603 magnas
1274 1520 1458 1582 fuisse
1514 1520 1802 1583 doctrinm
1857 1520 2153 1595 tenebras,
2193 1531 2258 1584 et

503 1605 728 1665 multos
767 1626 990 1665 errores
1027 1604 1090 1664 in
1125 1603 1401 1665 doctrina
1434 1604 1891 1682 monachorum,
1919 1615 1982 1665 et
2010 1603 2255 1684 laqueos

501 1687 1005 1748 conscientiarum
1053 1686 1416 1768 multiplices
1461 1688 1522 1747 in
1566 1686 1894 1769 pontificiis
1922 1685 2256 1750 traditioni-

502 1770 632 1830 bus.
718 1769 803 1829 Et
851 1780 985 1829 utra
1031 1768 1305 1829 doctrina
1354 1769 1433 1829 sit
1478 1790 1634 1840 vera,
1677 1769 1875 1851 plana,
1918 1767 2253 1851 perspicus,

500 1851 665 1913 utilis
691 1850 1074 1912 conscientiis
1104 1863 1166 1911 et
1195 1849 1483 1925 moribus,
1509 1851 1774 1912 ostendit
1802 1850 2063 1912 collatio.
2104 1849 2251 1912 Non

498 1934 664 1996 enim
695 1933 1039 2015 defugimus
1057 1932 1291 2012 judicia
1310 1934 1551 2015 piorum
1569 1957 1587 1993 ε
1629 1934 1756 1994 imo
1783 1954 2024 2015 semper
2047 1954 2249 1995 veram

498 2017 613 2078 Dei
643 2016 999 2090 Ecclesiam,
1030 2015 1146 2075 hoc
1173 2026 1284 2088 est,
1311 2036 1524 2075 omnes
1552 2014 1686 2096 pios
1714 2026 1775 2076 et
1805 2013 2092 2090 eruditos,
2117 2015 2253 2081 ubi-

497 2121 738 2180 eunque
766 2109 926 2172 sunt,
945 2098 1225 2158 volumus
1257 2098 1386 2159 haec
1459 2119 1551 2158 uae
1573 2096 1832 2159 dicimus
1854 2118 2251 2179 cognoscere:

494 2204 647 2264 quos
675 2203 796 2241 non
826 2180 1180 2242 dubitamus
1201 2191 1382 2241 testes
1410 2120 1556 2255 pore,
1577 2179 1735 2241 banc
1754 2179 2089 2243 doctrinam
2120 2202 2252 2243 esse

495 2286 648 2326 veroe
697 2263 990 2325 Ecclesiae
1032 2262 1155 2324 Dei
1198 2262 1511 2325 catholieoe
1566 2284 1947 2325 consensum.
2032 2262 2251 2329 Offeri·

495 2369 632 2408 mus
661 2347 846 2408 etiam
877 2369 1006 2420 nos,
1034 2367 1400 2427 quocunque
1426 2358 1721 2440 tempoue,
1749 2345 1824 2407 ad
1850 2345 2246 2429 copiosiomm

493 2429 979 2504 declarationem,
1021 2429 1083 2489 in
1127 2429 1381 2511 singulis
1424 2430 1730 2511 partibus:
1774 2440 1837 2491 et
1880 2429 2040 2490 hunc
2079 2450 2248 2492 eom·

496 2513 992 2573 memorationem
1052 2510 1342 2572 doctrinae
1409 2533 1571 2572 nunc
1635 2510 1854 2572 factam
1918 2532 2247 2594 congruere

493 2616 632 2656 cum
657 2594 1052 2655 Confessione
1081 2594 1376 2677 Augustae
1404 2593 1680 2655 exhibita
1707 2615 1868 2655 anno
1903 2604 2079 2657 1630.
2109 2615 2246 2656 sen·

470 2677 697 2739 timus.
1849 2689 1855 2694 “

574 2759 733 2821 Cum
767 2758 950 2841 igitur
975 2758 1268 2831 doctrina,
1296 2780 1484 2839 quam
1514 2758 1858 2831 recitamus,
1882 2780 2025 2821 vera
2056 2758 2155 2836 sit,
2179 2771 2244 2824 et

491 2841 780 2905 Ecclesiae
808 2841 1156 2915 necessaria,
1184 2862 1425 2903 oramus
1455 2864 1531 2903 ne
1558 2841 1924 2904 damnentur
1948 2840 2242 2909 Ecclesie

491 2938 727 3001 nostrae,
775 2923 947 3007 quasi
1002 2935 1109 2986 aut
1163 2946 1388 2985 errores
1444 2925 1903 3008 amplectantur,
1951 2936 2057 2988 aut
2110 2925 2242 2988 sine

490 3009 652 3092 gravi
684 3030 862 3071 causa
889 3006 1105 3069 stolide
1132 3018 1194 3068 et
1221 3007 1500 3069 seditiose
1527 3008 1991 3071 tumultuentur.
2068 3008 2243 3071 Veri·

487 3103 599 3167 tas,
637 3103 699 3153 et
739 3110 935 3152 rerum
981 3089 1355 3172 magnitudo,
1395 3091 1508 3153 bac
1554 3090 1775 3169 injusta
1817 3090 2238 3155 criminatione

489 3196 598 3236 nos
656 3175 926 3236 liberent.
1012 3173 1256 3235 Deinde
1308 3174 1499 3256 ipsam
1543 3173 1844 3257 synodum
1889 3174 1990 3257 pie
2031 3194 2240 3239 mon·-

490 3279 662 3319 mus:
706 3257 914 3319 vident
961 3268 1189 3318 veteres
1235 3256 1474 3330 abusus,
1517 3268 1579 3317 et
1626 3278 1851 3319 errores
1872 3256 2126 3322 ·multns
2166 3266 2235 3318 et

490 3363 739 3423 magnos
785 3340 1004 3401 haerere
1048 3339 1108 3400 in
1153 3338 1444 3401 Ecclesia.
1532 3340 1694 3410 Quia
1731 3339 2016 3401 omnibus
2041 3336 2232 3401 nnti-

488 3424 598 3484 bus
642 3423 781 3484 inde
822 3445 1012 3504 usque
1051 3423 1127 3484 ab
1167 3421 1339 3483 initio
1369 3422 1602 3505 generis
1633 3422 1906 3497 humani,
1931 3418 2229 3485 Diabolus

484 3528 748 3567 errorum
798 3506 1030 3567 semina
1079 3505 1339 3600 spargit:
1394 3518 1458 3568 et
1499 3518 1709 3589 postea
1750 3503 1959 3576 mults,
1991 3500 2228 3563 inscitia

488 3587 825 3661 hominum,
857 3600 961 3650 aut
988 3589 1412 3682 superstitione
1439 3590 1874 3651 confirmentur
1897 3594 2001 3645 sut
2025 3584 2228 3666 repul-
2347 3590 2352 3596 ’

487 3667 693 3730 lulant.
779 3672 939 3733 Cum
969 3684 1172 3733 autem
1191 3692 1324 3749 Jam
1346 3671 1575 3732 vanitas
1596 3669 1918 3731 multarum
1941 3666 2227 3749 supersti-

2407 1154 2418 1211 Ι
