2418 4172
444 377 552 432 188
870 381 879 388 ”
1071 376 1559 431 coNrEssm

443 517 698 602 intelligi
838 528 974 592 test,
1029 539 1168 580 cum
1228 518 1451 580 talibus
1507 515 1818 599 supplicii·
1863 514 2194 599 prohibitio

443 601 711 684 conjugii
782 600 1100 663 efenditur.

525 684 698 746 Sicut
736 696 939 746 autem
979 684 1146 745 nulla
1180 684 1278 745 lex
1311 683 1576 744 humana
1604 691 1805 764 potest
1834 679 2192 750 mandatum

441 767 563 829 Dei
604 767 831 841 tollere,
858 768 944 829 ita
980 788 1093 828 nec
1131 778 1339 828 votum
1372 777 1572 849 potest
1600 763 1808 825 tollere
1838 761 2194 826 mandatum

440 849 583 912 Dei.
670 849 927 911 Proinde
963 850 1144 911 etiam
1177 849 1518 932 Cyprianus
1554 846 1783 920 suadet,
1813 856 1882 906 ut
1915 844 2197 908 muliere·

442 933 696 1007 nubant,
751 953 886 1013 quoe
944 954 1063 992 non
1123 943 1361 992 servant
1417 930 1774 1014 promissam
1839 928 2198 994 castitatem,

442 1015 644 1077 Verba
682 1014 811 1095 ejus
853 1026 994 1075 sunt
1023 1014 1172 1085 hoec,
1202 1013 1306 1074 lib.
1333 1013 1383 1074 1.
1413 1012 1666 1095 epistola
1701 1024 1796 1073 11.
1884 1011 1950 1072 Si
1989 1020 2196 1073 autem

441 1119 816 1180 perseverare
861 1096 1095 1170 nolunt,
1125 1107 1228 1156 aut
1271 1118 1393 1157 non
1549 1106 1707 1167 sunt,
1741 1094 1957 1155 melius
1994 1103 2087 1155 est
2126 1101 2199 1154 ut

443 1181 696 1252 nubant,
725 1199 907 1259 quam
939 1188 1008 1238 ut
1035 1178 1099 1238 in
1130 1177 1333 1260 ignem
1364 1117 1593 1239 deiigiis
1623 1177 1747 1239 suis
1775 1176 2014 1249 cadant,
2034 1186 2197 1238 certe

443 1262 682 1323 nullum
735 1260 1015 1322 fratribus
1058 1272 1164 1320 aut
1206 1260 1506 1321 sororibus
1552 1259 1903 1320 scandalum
1952 1257 2196 1321 faciant.

442 1343 527 1405 Et
556 1346 839 1424 aequitate
867 1342 1129 1424 quadam
1161 1353 1413 1403 utuntur
1442 1338 1555 1424 ipsi
1584 1362 1844 1402 canones
1882 1360 1919 1402 e
2062 1338 2199 1415 boe,

442 1426 546 1507 qui
605 1437 744 1486 ante
777 1425 1010 1505 justam
1058 1435 1301 1487 aetatem
1357 1435 1671 1499 voverunt,
1711 1443 1895 1505 quom
1980 1444 2018 1484 o
2074 1420 2200 1484 fem

443 1508 738 1570 hactenus
769 1508 898 1570 fieri
927 1506 1257 1569 consuevit.

981 1722 992 1736 ⁶
1053 1649 1176 1712 111.
1223 1649 1331 1711 De
1358 1648 1584 1711 Missa.

443 1732 744 1815 FALSO
782 1765 1139 1816 accusantur
1175 1752 1444 1815 ecclesiae
1479 1763 1717 1826 nosti-az,
1746 1750 1910 1834 quod
1945 1750 2197 1814 misaam

443 1838 743 1910 aboleant,
771 1835 1060 1898 retinetur
1087 1837 1250 1919 enim
1285 1834 1467 1897 missa
1495 1834 1656 1919 apud
1696 1857 1826 1907 nos,
1855 1846 1917 1896 et
1956 1854 2199 1896 summa

442 1919 771 1982 reverentia
798 1919 1150 1980 celebratur.
1221 1918 1547 1980 Servantur
1574 1928 1637 1980 et
1667 1917 1900 1981 usitatoe
1932 1938 2200 1980 ceremo-
2273 1984 2276 1987 ,

442 2004 558 2064 nioe
584 2002 709 2064 fere
739 2023 970 2076 omnes,
997 2012 1398 2084 praeterquam
1433 1999 1597 2081 quod
1623 1999 1862 2060 Latinis
1898 1999 2200 2067 cannoni-

443 2086 555 2147 bus
613 2085 1019 2147 admiscentur
1075 2083 1293 2145 alicubi
1349 2082 1748 2157 Germanicae,
1788 2104 1925 2163 quoe
1979 2080 2202 2146 addita

442 2179 586 2230 sunt
628 2167 703 2229 ad
745 2166 1089 2228 docendum
1132 2166 1450 2250 populum.
1533 2165 1703 2227 Nam
1741 2165 1816 2227 ad
1858 2165 1977 2230 hoc
2003 2183 2196 2228 unum

442 2273 595 2334 opus
625 2261 718 2312 est
746 2250 1119 2324 ceremoniis,
1147 2261 1217 2311 ut
1243 2248 1500 2311 doceant
1534 2248 1864 2331 imperitos.
1948 2247 2036 2311 Et
2073 2269 2200 2313 non

443 2333 627 2395 modo
656 2334 876 2395 Paulus
905 2332 1179 2416 praecipit
1205 2332 1295 2394 uti
1323 2332 1531 2412 lingua
1559 2331 1867 2394 intellecta
1884 2328 2116 2414 populo
2135 2330 2200 2393 in

443 2417 714 2491 ecclesia,
770 2416 875 2477 sed
937 2416 1122 2477 etiam
1183 2415 1268 2476 ita
1324 2414 1724 2476 constitutum
1779 2425 1870 2476 est
1929 2413 2200 2475 humano

470 2521 591 2559 ure.
1774 2554 1779 2558 .

434 2521 463 2579 J
525 2582 795 2642 Assuefit
835 2579 1117 2673 populus,
1152 2589 1222 2640 ut
1263 2600 1383 2642 una
1424 2588 1672 2639 utantur
1714 2587 2110 2653 sacramento,
2146 2577 2197 2639 si

445 2663 551 2758 qui
580 2674 722 2724 sunt
750 2661 971 2736 idonei,
999 2661 1059 2723 id
1089 2682 1332 2742 quoque
1360 2672 1542 2743 auget
1569 2661 1963 2723 reverentiam
1999 2682 2071 2723 ac
2104 2682 2200 2723 re·

411 2744 413 2749 ¹
445 2746 731 2890 ligionem
784 2744 1162 2828 publicarum
1222 2744 1717 2806 ceremoniarum.
1800 2742 1975 2805 Nulli
2030 2743 2196 2807 enim

447 2852 481 2890 a
528 2828 868 2901 mittuntur,
932 2826 1046 2888 nisi
1120 2836 1296 2888 antea
1364 2827 1676 2909 explorati.
1769 2825 2200 2889 Admonentur

447 2912 628 2973 etiam
662 2911 941 2972 homines
969 2908 1047 2971 de
1074 2908 1368 2993 dignitate
1390 2921 1452 2972 et
1475 2932 1584 2971 usu
1609 2909 1988 2985 sacramenti,
2008 2930 2201 2991 quan-

448 3007 571 3056 tam
630 2993 1105 3056 consolationem
1157 2993 1359 3054 afferat
1395 2992 1634 3087 pavidis
1685 2991 2088 3068 conscientiis,
2129 3001 2201 3054 ut

448 3077 684 3139 discant
707 3077 848 3139 Deo
876 3075 1136 3150 credere,
1155 3089 1216 3138 et
1244 3098 1450 3137 omma
1478 3077 1637 3138 bona
1667 3098 1701 3137 a
1721 3075 1861 3137 Deo
1880 3085 2200 3160 expectare
2327 3108 2340 3133 ι

448 3172 509 3222 et
537 3171 758 3244 petere.
844 3158 968 3221 Hic
995 3159 1193 3222 cultus
1221 3158 1478 3221 delectat
1506 3158 1735 3234 Deum,
1764 3158 1902 3220 talis
1929 3180 2075 3222 usus
2102 3177 2199 3221 n-

448 3243 739 3306 cramenti
767 3242 876 3305 alit
902 3242 1190 3327 pietatem
1221 3265 1363 3326 erga
1391 3242 1616 3305 Deum.
1706 3242 1924 3323 Itaque
1955 3262 2080 3304 non
2108 3237 2198 3302 vi·-

448 3326 665 3388 dentur
718 3325 879 3411 apud
937 3324 1301 3388 adv‘ersarios
1370 3325 1570 3388 missae
1627 3325 1854 3407 majore
1908 3322 2196 3407 religione

451 3409 597 3480 fieri,
626 3431 810 3489 quam
840 3408 1001 3494 apud
1030 3431 1158 3471 nos.

531 3491 786 3554 Constat
827 3504 1030 3555 autem
1076 3493 1236 3555 banc
1275 3512 1521 3587 quoque
1561 3490 1870 3575 publicam
1910 3496 1973 3548 et
2016 3483 2196 3579 longe

452 3574 778 3636 maximam
809 3575 1113 3655 querelam
1142 3596 1418 3639 omnium
1449 3576 1745 3637 bonorum
1786 3570 2049 3633 virorum
2085 3566 2193 3632 diu
