2418 4172
513 380 621 433 288
1148 382 1632 438 CONFESSIO

516 523 711 585 tiones
753 535 961 584 contra
1006 523 1115 584 hos
1159 522 1407 585 furores.
1489 524 1796 586 Nolumus
1826 540 2028 589 autem
2058 527 2134 589 de
2160 549 2266 588 vo·

516 606 732 668 cabulo
769 606 1149 667 Poenitentiae
1191 628 1382 668 serere
1424 608 1764 688 λογομαχίας.
1850 608 1912 668 Si
1958 612 2095 691 quis
2138 633 2267 672 ma-

515 689 665 763 vult,
693 701 897 750 utatur
935 689 1180 750 nomine
1219 689 1659 762 Conversionis,
1687 712 1810 771 quo
1852 703 1913 751 et
1951 692 2265 785 prophete

517 794 674 855 soepc
716 772 804 832 usi
847 783 1005 832 sunt.
1089 771 1379 832 Libenter
1407 773 1591 832 etiarn
1622 775 1948 834 retinemus
1978 785 2266 836 usitatum

518 855 877 916 vocabulum
909 854 1339 915 Contritionis:
1387 866 1449 915 et
1490 854 1750 915 dicimus
1793 869 2023 938 partem
2072 855 2271 939 poeni-

519 937 724 999 tentiae
766 959 871 998 seu
913 937 1315 998 conversionis
1357 937 1618 1020 primam
1661 959 1790 998 csse
1825 938 2270 1014 contritionem,

521 1042 656 1102 quae
684 1031 793 1093 est,
820 1041 956 1080 vere
985 1039 1379 1101 expavescere
1402 1020 1706 1101 agnitione
1730 1020 1828 1082 irae
1851 1021 1968 1083 Dei
1991 1020 2270 1082 adversus

521 1113 788 1185 peccata,
818 1112 879 1161 et
920 1099 1121 1160 dolere
1162 1100 1324 1180 quod
1369 1101 1573 1162 Deum
1620 1102 1966 1164 offenderis:
2015 1115 2078 1165 et
2123 1103 2273 1164 dici-

524 1206 658 1245 mus
689 1184 748 1243 in
782 1182 874 1242 his
904 1182 1007 1262 qui
1038 1193 1487 1256 convertuntur,
1515 1183 1746 1263 aliquos
1774 1186 1924 1246 tales
1961 1207 2132 1247 veros
2167 1207 2272 1269 pa-

520 1288 691 1327 vores
734 1276 797 1325 et
838 1264 1070 1324 dolores
1113 1286 1244 1324 esse
1286 1275 1579 1347 oportere,
1605 1287 1719 1326 nec
1756 1288 1931 1347 agere
1967 1268 2274 1350 poeniten-

522 1349 668 1409 tiam
699 1369 801 1408 eos
831 1346 935 1427 qui
961 1358 1210 1407 manent
1237 1346 1426 1407 securi
1458 1359 1519 1407 et
1546 1347 1675 1407 sine
1702 1346 1927 1423 dolore,
1954 1360 2026 1411 ut
2064 1362 2102 1411 2
2130 1350 2271 1411 Cor.

520 1430 620 1491 vii.
674 1429 1038 1491 Caneri-stati
1086 1431 1232 1491 estis
1279 1429 1364 1490 ad
1393 1429 1839 1510 paenitentiam.
1924 1430 2010 1492 Et
2045 1431 2272 1494 Ezecb.

521 1534 623 1574 xx.
665 1521 724 1574 et
762 1511 1157 1594 displicebitis
1192 1512 1359 1574 vobis
1399 1513 1464 1574 in
1504 1522 1822 1594 conspectu
1847 1521 2064 1590 vestro,
2091 1536 2276 1599 agno-

522 1596 700 1657 scetis
722 1618 826 1656 vos
856 1595 1071 1678 dignos
1101 1618 1229 1657 esse
1258 1618 1443 1679 poena
1472 1607 1534 1656 et
1561 1597 1743 1656 exilio
1769 1620 1784 1657 z
1828 1608 1890 1657 et
1919 1597 1982 1658 hi
2012 1597 2135 1658 veri
2166 1596 2277 1658 do-

522 1680 676 1739 lores
720 1689 860 1740 sunt
902 1700 1108 1739 sensus
1153 1678 1254 1739 irae
1292 1678 1434 1752 Dei,
1461 1690 1529 1739 ut
1568 1690 1628 1738 et
1666 1701 1775 1739 suo
1813 1679 1945 1741 loco
1974 1680 2274 1764 copiosius

522 1761 759 1822 dicitur.
817 1760 945 1821 Hic
973 1772 1175 1822 autem
1200 1773 1477 1821 taxamus
1506 1759 1886 1837 adversarios,
1907 1762 2010 1843 qui
2036 1765 2277 1846 fingunt

523 1843 948 1906 contritionem
1016 1843 1228 1905 mereri
1285 1842 1694 1904 remissionem
1754 1857 2160 1926 peccatorum,
2214 1856 2278 1905 et

523 1937 798 2010 oportere
826 1926 1247 1987 contritionem
1276 1925 1671 1987 sufficientem
1702 1948 1851 1986 esse.
1922 1927 1997 1988 In
2019 1939 2277 2008 utroque

524 2032 720 2070 errore
764 2031 861 2069 ma
951 2029 1003 2068 ae
1048 2009 1312 2069 tenebrae
1357 2020 1515 2068 sunt.
1598 2006 1766 2067 Nam
1802 2008 2075 2069 remissio
2101 2008 2279 2070 datur

525 2103 771 2176 propter
894 2090 1219 2151 ediatorem
1281 2089 1482 2173 gratis.
1567 2089 1653 2150 Et
1708 2111 1844 2171 quae
1900 2101 2100 2174 potest
2148 2111 2278 2152 esse

525 2174 804 2236 contritio
848 2171 1187 2234 sufficiens?
1245 2172 1383 2233 Imo
1433 2193 1555 2253 quo
1605 2173 1796 2267 magis
1846 2173 2058 2235 crescit
2107 2173 2281 2235 dolor

525 2258 654 2318 sine
699 2256 919 2317 fiducia
970 2254 1411 2326 misericordiae,
1454 2277 1528 2316 eo
1579 2276 1773 2338 magis
1814 2256 1994 2318 corda
2037 2256 2279 2351 fugiunt

525 2340 751 2413 Deum,
780 2350 843 2401 et
870 2338 1161 2400 sustinere
1188 2338 1356 2399 nulla
1385 2349 1597 2399 natura
1620 2338 1776 2399 hanc
1797 2338 2276 2421 magnitudinem

527 2422 750 2484 doloris
801 2433 1019 2504 potest,
1067 2421 1143 2482 de
1193 2443 1312 2502 qua
1361 2420 1581 2481 dicitur
1629 2420 1789 2482 Esai.
1825 2421 2071 2482 xxxviii.
2102 2422 2279 2483 Sicut

528 2506 622 2566 leo
651 2505 936 2566 contrivit
965 2504 1166 2565 omnia
1194 2525 1329 2565 ossa
1357 2525 1507 2564 mea.
1594 2502 1714 2563 Sed
1747 2504 1849 2564 illa
1887 2504 2079 2564 otiosa
2116 2526 2279 2565 som-

529 2589 629 2649 nia
658 2587 1037 2668 scriptorum,
1058 2585 1386 2647 ostendunt
1413 2596 1475 2646 et
1504 2584 1639 2646 vitae
1669 2586 2048 2647 securitatem
2081 2586 2141 2647 in
2171 2586 2278 2661 eis,

411 2675 418 2686 ’
529 2682 591 2732 ct
621 2669 917 2731 inscitiam
949 2668 1284 2750 Evangelii.

614 2752 799 2813 Fiunt
828 2762 1027 2813 autem
1062 2752 1123 2812 hi
1154 2751 1275 2812 veri
1304 2749 1559 2824 dolores,
1586 2773 1726 2812 cum
1765 2751 2035 2833 arguitur
2065 2773 2271 2835 pecca-

530 2848 683 2908 tum,
725 2847 794 2895 ut
844 2835 903 2895 in
957 2834 1290 2915 Evangelio
1331 2833 1667 2895 ostenditur
1708 2846 2094 2918 contemptus
2138 2834 2276 2895 Filii

531 2919 686 2980 Dei:
733 2916 1004 2999 Spiritus
1024 2939 1100 2979 m·
1145 2924 1248 2978 uei
1268 2916 1558 2977 mundum
1588 2916 1663 2977 de
1684 2924 1953 2998 peccato,
1976 2917 2139 3001 quod
2159 2939 2279 2979 non

533 3002 790 3063 credunt
818 3001 881 3061 in
909 3022 1020 3061 me.
1165 3012 1190 3061 t
1227 3021 1373 3061 voce
1404 3000 1549 3082 legis
1584 3000 1820 3061 moralis
1860 3023 1893 3061 a
2009 3012 2191 3061 untur
2217 3011 2281 3061 et

533 3085 643 3146 alia
685 3094 949 3166 peccata,
979 3095 1046 3144 ut
1083 3082 1278 3165 inquit
1319 3082 1557 3157 Paulus,
1599 3081 1777 3143 Rom.
1808 3082 1892 3143 iii.
1982 3103 2053 3144 er
2085 3082 2282 3168 legem

533 3167 769 3253 agnitio
787 3167 1045 3249 peccati.
2158 3219 2168 3230 .

616 3250 716 3311 De
752 3249 1125 3312 confessione
1163 3248 1391 3331 privata
1419 3247 1693 3309 facienda
1721 3248 2078 3332 pastoribus,
2104 3246 2279 3311 adfln-

535 3355 773 3395 mamus
809 3333 992 3395 ritum
1030 3332 1274 3416 privatoe
1311 3330 1703 3393 absolutionis
1743 3332 1804 3392 in
1843 3330 2114 3394 Ecclesia
2140 3326 2277 3391 reti·

534 3415 801 3478 nendum
833 3438 1000 3477 esse:
1045 3428 1106 3477 et
1126 3426 1467 3476 constanter
1488 3415 1833 3490 retinemus,
1854 3423 2099 3499 propter
2119 3409 2278 3472 mul·
2374 3450 2381 3457 ·
2415 3419 2418 3426 “

535 3512 625 3560 tas
666 3521 872 3580 graves
911 3520 1135 3561 causas.
1222 3497 1341 3559 Sed
1377 3497 1555 3559 simul
1586 3496 1891 3571 docemus,
1918 3516 2037 3557 non
2066 3493 2278 3576 praeci-

536 3581 815 3721 piendam
856 3605 1003 3676 esse,
1031 3604 1142 3643 nec
1179 3579 1596 3675 postulandam
1620 3576 2143 3674 ‘enumerationem
2168 3574 2279 3670 de-

563 3675 814 3723 ictorum
863 3686 921 3724 in
969 3664 1073 3724 illo
1110 3675 1340 3745 privato
1374 3663 1713 3741 colloquio:
1754 3679 1895 3740 quia
1924 3679 2036 3720 nec
2062 3657 2278 3721 divini-
