2418 4172
511 552 1191 635 CONFESSIO
1253 552 1613 632 FIDEI

946 760 1194 794 ssxuimra

324 918 893 983 INVICTISS.
954 918 1171 980 IMP.
1230 916 1676 979 CAROLO
1723 917 1804 978 V.

1039 1114 1092 1146 m

661 1274 1033 1329 COMITIIS
1068 1272 1473 1327 AUGUSTAE

847 1440 1019 1481 Anno
1047 1439 1286 1481 nmxxx.

889 1591 1242 1632 *-

404 1742 763 1793 PRAEFATIO
796 1742 888 1790 AD
922 1741 1263 1790 CAESAREM
1297 1739 1633 1790 CAROLUM
1667 1741 1729 1789 V.

193 1855 811 1939 INVIC'HSSIME
860 1871 1204 1954 imperator,
1248 1870 1452 1931 Caesar
1498 1869 1795 1953 Auguste,
1838 1870 1946 1932 do-

192 1957 358 2019 mine
384 1955 871 2018 clementissime.
954 1954 1113 2015 Cum
1145 1953 1221 2015 V.
1252 1952 1325 2013 C.
1353 1953 1448 2014 M.
1479 1952 1763 2015 indixerit
1802 1976 1944 2014 con-

191 2050 439 2100 ventum
472 2038 713 2121 imperii
742 2038 1053 2118 Augustae,
1082 2047 1151 2097 ut
1189 2035 1551 2097 deliberetur
1589 2036 1664 2096 de
1703 2036 1942 2098 auxiliis

192 2132 401 2184 contra
442 2120 725 2194 Turcam,
767 2120 1226 2192 atrocissimum,
1270 2117 1715 2179 haereditarium
1761 2131 1942 2200 atque

191 2216 455 2266 veterem
500 2203 828 2264 Christiani
886 2201 1148 2263 nominis
1197 2223 1266 2263 ac
1321 2201 1625 2283 religionis
1687 2202 1943 2276 hostem,

192 2285 504 2369 quomodo
540 2285 699 2347 illius
741 2285 970 2347 scilicet
1004 2283 1188 2345 furori
1226 2295 1290 2345 et
1330 2285 1645 2344 conatibus
1686 2283 1945 2347 durabili

190 2381 255 2432 et
280 2379 574 2453 perpetuo
601 2368 745 2429 belli
775 2378 1066 2461 apparatu
1096 2366 1285 2427 resisti
1315 2366 1523 2448 possit.
1607 2366 1850 2428 Deinde
1881 2379 1946 2429 et

189 2451 270 2515 de
303 2450 775 2514 dissensionibus
816 2472 875 2511 m
919 2472 1100 2511 causa
1139 2459 1356 2512 nostrae
1385 2459 1609 2510 sanctae
1638 2449 1943 2531 religionis

190 2545 256 2598 et
302 2534 665 2596 Christianae
714 2532 879 2606 fidei,
915 2544 979 2594 et
1020 2543 1089 2593 ut
1132 2532 1193 2592 in
1238 2532 1353 2593 hac
1395 2554 1575 2593 causa
1614 2531 1943 2614 religionis,

190 2618 454 2702 partium
496 2616 832 2701 opiniones,
861 2638 931 2677 ac
975 2615 1288 2676 sententiae
1322 2615 1480 2676 inter
1515 2636 1662 2689 sese,
1691 2614 1752 2675 in
1795 2614 1945 2676 cari-

191 2711 336 2775 tate,
360 2700 627 2775 lenitate,
656 2711 719 2761 et
756 2698 1219 2760 mansuetudine
1255 2710 1469 2760 mutua
1497 2696 1817 2758 audiantur
1843 2720 1942 2758 co-

193 2804 344 2858 ram,
370 2782 779 2865 intelligantur
806 2793 869 2843 et
889 2781 1316 2864 ponderentur,
1339 2792 1406 2841 ut
1436 2781 1572 2848 illis,
1596 2802 1730 2859 quae
1757 2780 1945 2841 utrin-

194 2887 315 2948 que
354 2865 418 2927 in
460 2865 767 2949 scripturis
810 2887 980 2926 secus
1023 2875 1276 2925 tractata
1314 2876 1418 2925 aut
1452 2862 1753 2923 intellecta
1782 2872 1944 2937 sunt,

196 2947 472 3032 sepositis
499 2959 562 3009 et
589 2948 888 3022 correctis,
910 2970 1002 3008 res
1032 2947 1151 3008 illae
1175 2947 1249 3008 ad
1273 2967 1453 3007 unam
1478 2945 1819 3027 simplicem
1843 2966 1944 3006 ve-

195 3030 432 3092 ritatem
461 3042 525 3092 et
550 3030 958 3113 Christianam
989 3030 1370 3092 concordiam
1403 3039 1843 3110 componantur
1880 3038 1945 3088 et

196 3112 577 3187 reducantur,
617 3124 687 3174 ut
734 3111 810 3174 de
854 3124 1070 3175 caetero
1121 3136 1155 3173 a
1203 3111 1377 3173 nobis
1427 3133 1566 3185 una,
1610 3110 1838 3170 sincera
1881 3122 1947 3171 et

196 3217 335 3256 vera
375 3194 586 3277 religio
618 3195 867 3270 colatur,
893 3207 956 3256 et
997 3206 1279 3265 servetur,
1308 3206 1395 3267 ut,
1425 3191 1946 3274 quemadmodum

198 3278 314 3339 sub
360 3299 483 3339 uno
525 3276 771 3338 Christo
818 3299 1026 3339 sumus
1073 3289 1137 3338 et
1182 3277 1549 3338 militamus:
1593 3275 1677 3335 ita
1719 3274 1781 3335 in
1825 3296 1947 3336 una

197 3361 381 3422 etiam
427 3359 678 3421 ecclesia
721 3359 1082 3433 Christiana,
1125 3359 1185 3419 in
1238 3359 1467 3420 unitate
1515 3369 1577 3418 et
1624 3356 1946 3420 concordia

198 3445 396 3506 vivere
424 3442 746 3526 possimus.

281 3525 567 3608 Cumque
596 3547 704 3585 nos
736 3523 886 3586 infra
914 3522 1119 3617 scripti
1141 3523 1363 3584 elector
1382 3533 1446 3584 et
1510 3522 1785 3607 rincipes,
1802 3544 1942 3586 cum

203 3607 355 3684 aliis,
382 3609 486 3691 qui
528 3607 700 3669 nobis
738 3606 1045 3688 conjuncti
1085 3617 1245 3682 sunt,
1273 3545 1521 3690 perindie
1558 3616 1627 3667 ut
1661 3606 1759 3668 alii
1793 3606 1951 3668 elec·
2005 3688 2013 3693 ,

1043 3708 1062 3748 1
1095 3702 1131 3751 4

1673 3776 1707 3788 l
