2418 4172
527 666 1209 751 CONFESSIO
1260 666 1625 747 FIDEI

808 872 1055 905 minum
1082 871 1349 905 invictiss.

351 1032 545 1096 IMP.
597 1030 983 1094 CAROLO
1026 1030 1108 1092 V.
1160 1030 1517 1093 CAESARI
1567 1030 1790 1093 AUG.

587 1208 674 1263 IN
724 1207 1093 1262 COMITIIS
1142 1208 1570 1273 AUGUSTAE,

850 1385 1025 1428 ANNO
1061 1386 1299 1428 MDxxx.

603 1547 826 1600 Etcum
858 1546 1206 1620 W'sttebergoe,
1230 1564 1374 1600 anno
1400 1549 1559 1602 1540.

901 1753 1256 1794 *-

521 1934 916 1990 ARTICULI
957 1933 1183 1987 FIDEI
1222 1934 1644 1991 PRAECIPUI.

1052 2073 1103 2133 1.

205 2199 683 2280 EchESIAE
705 2235 928 2296 magno
956 2235 1250 2274 consensu
1280 2214 1440 2297 apud
1463 2237 1571 2276 nos
1600 2215 1821 2278 docent
1848 2219 1955 2281 de-

203 2310 438 2361 cretum
481 2298 734 2359 Nicenae
777 2296 1011 2379 synodi,
1038 2296 1114 2356 de
1150 2297 1383 2358 unitate
1411 2299 1682 2360 essentiae
1715 2299 1956 2374 divinae,

205 2393 268 2444 et
295 2381 372 2443 de
400 2381 593 2443 tribus
623 2379 917 2452 Per-sonis,
938 2400 1147 2439 verum
1177 2390 1239 2439 et
1267 2379 1395 2440 sine
1423 2381 1546 2442 ulla
1578 2382 1955 2445 dubitatione

205 2463 573 2526 credendum
616 2485 764 2524 esse.
847 2461 1166 2535 Videlicet,
1210 2462 1373 2542 quod
1416 2463 1494 2523 sit
1535 2486 1655 2524 una
1697 2466 1957 2527 essentia

205 2546 426 2618 divina,
449 2568 584 2627 quoe
605 2557 668 2606 et
689 2545 1025 2628 appellatur
1052 2556 1112 2605 et
1134 2556 1226 2605 est
1246 2544 1441 2615 Deus,
1463 2557 1740 2621 aetemus,
1762 2548 1958 2610 incor-

290 2651 443 2704 reus,
488 2628 890 2712 impartibilis,
945 2628 1243 2688 immensa
1298 2628 1586 2710 potentia,
1644 2631 1956 2712 sapientia,

206 2650 497 2784 maitiae,
518 2711 855 2772 Creator'et
882 2711 1279 2771 conservator
1298 2712 1571 2772 omnium
1597 2734 1795 2772 rerum
1819 2714 1956 2774 visi-

208 2793 425 2854 bilium
468 2804 532 2854 et
571 2793 986 2865 invisibilium,
1016 2804 1077 2854 et
1105 2805 1308 2854 tamen
1347 2805 1466 2854 tres
1511 2795 1631 2854 sint
1660 2795 1955 2871 Personae,

210 2874 477 2953 ejusdem
522 2876 814 2951 essentiae,
841 2887 903 2936 et
945 2877 1249 2958 potentiae,
1288 2887 1349 2936 et
1392 2887 1723 2950 coaetemoe,
1762 2878 1955 2949 Pater,

212 2956 423 3029 Filius,
465 2969 527 3018 et
580 2957 838 3040 Spiritus
894 2958 1170 3019 Sanctus.
1255 2958 1340 3019 Et
1392 2959 1638 3018 nomine
1685 2981 1955 3041 personoe

213 3050 464 3100 utuntur
500 3062 570 3100 ea
609 3041 656 3100 si
747 3041 1064 3116 ificatione,
1092 3063 1212 3122 qua
1248 3041 1338 3101 usi
1371 3053 1511 3101 sunt
1540 3042 1600 3101 in
1634 3042 1746 3101 hac
1776 3065 1956 3104 causa

212 3121 326 3183 scri
374 3133 531 3183 tores
558 3061 963 3197 ecciensiastici,
990 3134 1060 3183 ut
1089 3124 1388 3206 significet
1415 3146 1536 3184 non
1573 3135 1804 3205 partem
1853 3137 1958 3187 aut

212 3227 331 3286 qus
357 3204 563 3265 itatem
595 3205 656 3264 in
687 3205 824 3279 alie,
852 3206 955 3266 sed
984 3206 1146 3286 quod
1175 3206 1414 3288 proprie
1444 3206 1731 3267 subsistit.

292 3286 611 3348 Damnant
649 3308 859 3347 omnes
900 3288 1169 3360 baereses,
1199 3300 1406 3348 contra
1442 3288 1604 3348 hunc
1633 3288 1954 3352 articulum

211 3382 466 3443 exortas,
497 3385 564 3430 ut
594 3369 989 3443 Manichaeos,
1062 3370 1121 3429 ui
1152 3370 1275 3430 duo
1302 3369 1596 3452 principia
1623 3373 1956 3464 ponebant,

208 3452 441 3526 bonum
472 3463 534 3513 et
563 3452 830 3513 malum:
876 3452 1020 3512 item
1098 3451 1513 3527 alentinianos,
1534 3453 1809 3530 Arianos,
1828 3455 1955 3518 Eu-

207 3536 547 3610 'uomianos‚
578 3534 1063 3608 Mahometistas‚
1090 3545 1153 3595 et
1192 3555 1402 3596 omnes
1446 3534 1661 3597 horum
1707 3536 1951 3600 similes.

213 3615 526 3680 Damnaut
554 3630 617 3680 et
643 3618 1084 3690 samosatenae,
1112 3629 1337 3679 veteres
1371 3628 1432 3678 et
1470 3619 1819 3697 neotericos,
1846 3622 1949 3704 qui
2005 3689 2012 3693 ,

1025 3721 1073 3761 Μ
1102 3710 1140 3761 3

1669 3776 1700 3789 ‘³
