2418 4172
0 436 4 447 ι
812 356 1043 410 SAxo
1055 355 1104 409 N
1120 356 1146 409 1
1161 356 1288 409 CA.
1810 355 1921 411 247

0 480 5 523 ἓ
167 500 279 575 nis,
301 511 365 560 et
392 500 632 579 fingunt
660 509 886 580 postea,
918 498 1191 559 homines
1226 517 1400 580 posse
1438 494 1555 577 legi
1594 494 1714 556 Dei
1745 498 1913 558 satis-

0 650 5 690 ἱ
308 665 320 676 ·
360 628 378 656 ,
405 594 468 642 et
498 581 743 675 propria·
765 581 912 663 legis
944 580 1293 674 impletione
1312 579 1509 672 justos
1538 598 1686 637 esse.

0 710 34 804 ἰ.
162 664 794 831 ρζὲῗῖῗῗωῗὲἓιζὲὲ
825 658 1911 826 ’ἔξὲᾭῶἶῗὲξίἱῖῗὲᾈηέἓῗοςῐὲ

163 852 322 915 soepe
364 832 441 891 ab
477 828 740 909 antiquis
782 827 1169 910 scriptoribus
1208 825 1553 886 nominatur
1585 826 1741 886 mala
1769 848 1913 887 con-

91 919 123 954 '·
174 928 177 929 ’
287 912 554 974 iacentia.

23 1007 26 1012 '
107 933 662 1058 *ffiisoernimus
693 1004 892 1054 autem
935 992 1332 1076 appetitiones
1373 991 1432 1052 in
1471 1002 1681 1052 natura
1709 991 1910 1052 condi-

0 1105 3 1106 ’
160 1090 275 1155 tas,
301 1100 338 1140 a
363 1077 715 1140 confusione
742 1076 984 1151 ordinis,
1009 1098 1143 1158 quae
1187 1087 1323 1158 post
1364 1075 1601 1157 lapsum
1647 1074 1914 1149 accessit,

161 1162 320 1224 sicut
356 1161 587 1223 Jerem.
616 1160 756 1220 xvii.
785 1159 1021 1233 dicitur,
1051 1159 1327 1221 Pravam
1366 1167 1458 1218 cst
1486 1180 1588 1218 cor
1617 1157 1908 1219 hominis.-

160 1256 225 1307 οε
271 1245 492 1307 Paulus
542 1243 758 1324 inquit,
790 1243 1017 1303 Sensus
1059 1243 1264 1303 carnis
1310 1242 1632 1302 inimicitia
1676 1249 1766 1302 est
1804 1240 1913 1302 ad-

161 1348 374 1391 venas
400 1326 625 1388 Deum.
715 1326 895 1387 Hanc
926 1325 1144 1386 malam
1177 1324 1723 1406 concupiscentiam
1765 1323 1916 1384 dici-

163 1432 300 1472 mus
355 1432 484 1471 esse
688 1422 894 1470 atum:
951 1421 1012 1469 et
1069 1408 1457 1469 adfirmamus
1513 1408 1667 1467 hanc
1718 1418 1910 1467 totam

160 1492 494 1555 doctrinam
526 1431 687 1553 Xeecc
744 1504 899 1566 cato,
926 1492 1084 1553 sicut
1120 1492 1181 1551 in
1220 1491 1485 1552 ecclesiis
1524 1490 1739 1551 nostris
1775 1511 1915 1572 pro-

159 1576 408 1719 geditur
431 1587 495 1636 et
522 1514 872 1646 decfficatun
892 1586 1253 1658 perpetuum
1283 1595 1411 1634 esse
1439 1595 1591 1633 veroe
1620 1571 1911 1633 Ecclesiae

261 1679 280 1720 ι
310 1679 688 1720 consensum.

259 1961 365 2023 De
393 1960 769 2023 Remissione
801 1958 1220 2030 Peccatorum,
1250 1965 1310 2017 et
1335 1954 1813 2040 Justificatione.

163 2065 462 2144 DICTU
469 2077 540 2138 M
570 2088 660 2137 est
689 2098 886 2158 supra,
915 2076 1022 2135 has
1052 2073 1481 2135 controversias
1511 2073 1808 2155 pertinere
1838 2073 1914 2134 ad

159 2161 621 2245 explicationem
653 2159 909 2220 duorum
952 2158 1339 2218 articulorum
1371 2156 1667 2237 symboli:
1718 2156 1916 2218 &edo

159 2244 573 2305 remissivum
593 2250 1002 2324 peccatorum,
1030 2252 1110 2314 et,
1140 2239 1335 2300 Credo
1361 2238 1701 2299 Ecclesiam
1741 2261 1918 2299 sanc-

161 2334 289 2388 tam
319 2326 692 2388 catholicam.
776 2324 914 2386 Nec
954 2323 1032 2384 de
1073 2324 1248 2384 rebus
1286 2344 1408 2382 non
1439 2322 1781 2383 necessariis
1810 2333 1916 2383 aut

161 2409 393 2470 levibus
435 2406 710 2471 diciinus.
797 2407 1076 2468 Maxime
1119 2406 1519 2467 necessarium
1566 2416 1675 2478 est,
1705 2405 1766 2465 in
1811 2427 1912 2466 ec-

157 2492 339 2554 clesia
372 2505 531 2554 recte
569 2491 823 2575 proponi
851 2490 1185 2552 doctrinam
1225 2489 1301 2550 de
1338 2500 1607 2571 peccat0,
1635 2499 1697 2548 et
1734 2487 1912 2548 intel-

160 2571 266 2659 ligi
306 2575 454 2671 quid
493 2577 570 2637 sit
611 2586 949 2659 peccatum,
977 2586 1039 2634 et
1081 2572 1346 2656 conspici
1390 2571 1714 2633 discrimen
1756 2571 1914 2631 inter

150 2657 382 2738 judicia
409 2659 654 2742 politica
682 2670 744 2719 et
762 2657 1060 2739 judicium
1093 2657 1233 2718 Dei.

243 2740 404 2801 Cum
448 2753 651 2803 autem
695 2763 816 2802 non
863 2753 1022 2802 recte
1059 2738 1379 2801 ostendant
1418 2736 1732 2799 adversarii
1764 2735 1913 2815 quid

143 2822 242 2883 'sit
268 2836 605 2906 peccatum,
632 2837 700 2885 ut
729 2824 859 2904 jam
890 2823 1120 2885 dictum
1157 2834 1266 2896 est,
1295 2824 1654 2883 confirmant
1686 2818 1907 2879 malam

161 2905 540 2967 securitatem
587 2907 649 2967 in
696 2906 1064 2981 hominibus,
1091 2919 1153 2967 et
1196 2906 1416 2966 multas
1460 2904 1635 2964 falsas
1678 2901 1931 2984 opinio--

162 3010 287 3049 nes.
345 2980 571 3050 ‘Postea
608 2989 789 3050 etiam
820 2989 965 3070 quid
993 3001 1085 3050 est
1112 2990 1358 3062 tristius,
1387 3009 1570 3067 quam
1604 2987 1718 3046 hoc
1747 3006 1912 3044 sum-

164 3092 334 3132 mum
387 3073 768 3147 beneficium,
803 3072 1224 3133 remissionem
1280 3082 1683 3154 peccatorum,
1732 3079 1794 3126 et
1843 3067 1914 3126 li-

166 3154 532 3215 berationem
564 3177 599 3215 a
627 3166 818 3216 morte
846 3167 1087 3228 aeterna,
1114 3156 1208 3215 vel
1239 3156 1572 3225 obscurare,
1601 3151 1694 3210 vel
1741 3149 1912 3231 igno-

163 3237 329 3297 rare?
370 3237 654 3318 Cumque
682 3260 793 3299 nec
819 3237 1136 3299 discrimen
1183 3238 1260 3297 sit
1302 3238 1457 3296 inter
1485 3233 1819 3295 Ecclesiam
1850 3243 1912 3293 et

162 3319 310 3380 alios
355 3320 651 3394 homines,
677 3321 944 3381 extincta
987 3321 1119 3398 luce
1156 3320 1231 3380 de
1270 3319 1527 3400 gratuita
1562 3314 1911 3377 remissione

162 3415 546 3486 peccatorum
598 3415 843 3487 propter
880 3402 1124 3476 Filium,
1165 3413 1226 3462 et
1271 3401 1347 3461 de
1391 3400 1512 3460 fide
1553 3420 1676 3481 qua
1718 3398 1910 3481 accipi

158 3486 574 3547 missionem
622 3497 876 3569 oportet,
917 3507 1031 3546 nec
1078 3483 1407 3546 consolatio
1449 3482 1528 3543 sit
1568 3483 1686 3544 alia
1725 3492 1912 3543 retra-

165 3567 315 3630 hens
359 3591 469 3630 nos
510 3590 586 3631 ex
634 3581 825 3630 morte
862 3580 1104 3642 oeterna,
1132 3590 1244 3629 nec
1282 3566 1581 3628 invocatio
1608 3587 1746 3627 vera
1780 3564 1909 3626 sine

159 3648 284 3713 bae
328 3653 733 3714 consolatione
785 3652 912 3713 fieri
964 3650 1186 3735 possit:
1227 3661 1291 3712 et
1336 3649 1508 3711 Deus
1556 3649 1686 3732 ipse
1734 3648 1912 3710 toties
2010 3687 2018 3691 -

998 3747 1104 3795 114
1626 3751 1679 3785 ’κ

7 3955 44 3967 *n

29 4029 60 4047 ⁸»-

22 4014 117 4172 ἐ

87 4139 100 4152 D
