2418 4172
794 400 1268 455 SAXONICA.
1651 450 1664 461 ,
1786 397 1892 452 285

147 563 295 606 num
345 563 383 601 o
428 562 515 601 us.
598 541 887 603 Praetcrea
929 540 1005 602 de
1050 540 1300 602 mortuis
1343 538 1730 601 manifestum
1781 552 1891 612 cst,

146 635 342 687 totum
420 646 493 683 oc
523 624 934 706 spectaculum
965 645 1233 706 pugnare
1261 644 1400 684 cum
1431 620 1626 683 verbis
1656 619 1891 681 institu-

145 706 328 768 tionis
375 728 586 778 coenoe,
629 707 690 766 in
740 705 960 786 quibus
1005 704 1256 765 dicitur:
1301 704 1599 784 Accipite,
1641 704 1893 762 mandu-

147 796 300 862 cate,
329 790 440 850 &c.
489 787 630 848 Hoc
646 786 861 870 jacite
897 788 959 846 in
998 786 1118 847 mei
1144 786 1641 846 recordationem.
1729 784 1891 852 Quid

147 870 266 934 hoc
301 870 377 932 ad
422 881 708 939 mortuos,
737 868 828 927 vel
864 867 1175 928 absentes?
1217 879 1278 928 et
1321 878 1523 928 tamen
1570 866 1629 926 in
1677 888 1895 948 magna

147 964 316 1097 εἴη
343 951 606 1033 Europae
646 950 977 1032 plurimum
1022 949 1337 1011 missarum
1380 951 1451 1010 fit
1484 971 1592 1032 pro
1623 949 1892 1009 mortuis.

222 1055 378 1116 agna
405 1033 587 1094 etiam
621 1032 947 1093 multitudo
987 1054 1225 1115 prorsus
1264 1032 1543 1114 ignorans
1582 1030 1726 1112 quid
1758 1043 1896 1113 agat

143 1117 295 1200 legit
336 1116 544 1178 missas
588 1126 831 1198 propter
870 1114 1225 1175 mercedem.
1313 1114 1473 1175 Cum
1519 1126 1719 1175 autem
1767 1114 1895 1175 haec

144 1198 350 1262 omnia
394 1196 708 1260 manifeste
753 1198 871 1258 sint
914 1197 1120 1280 impia,
1162 1198 1354 1258 facere
1396 1196 1785 1271 oblationem,
1827 1209 1896 1258 ut

145 1282 494 1364 loquuntur,
522 1292 591 1340 ut
621 1292 958 1341 mereantur
984 1280 1131 1340 vivis
1161 1292 1221 1340 et
1251 1279 1534 1340 mortuis:
1572 1291 1675 1340 aut
1703 1279 1895 1340 facere

146 1363 510 1426 nescientem
542 1361 687 1443 quid
718 1377 889 1445 agat:
936 1362 1297 1422 horribiliter
1325 1374 1596 1445 peccant,
1626 1362 1729 1442 qui
1763 1362 1894 1423 haec

147 1446 370 1509 scelera
406 1445 666 1506 retinent
693 1457 754 1505 et
787 1443 1137 1506 defendunt.
1222 1443 1307 1505 Et
1350 1467 1490 1507 cum
1535 1444 1684 1505 ritus
1727 1455 1896 1505 extra

149 1549 327 1592 usum
373 1527 712 1588 institutum
760 1550 880 1588 non
927 1528 1147 1588 habeat
1184 1529 1476 1589 rationem
1518 1527 1896 1601 sacramenti,

194 1611 343 1673 ualis
386 1610 466 1671 ibi
513 1611 619 1670 fiat
661 1609 956 1670 idolorum
1002 1610 1219 1682 cultus,
1246 1610 1513 1691 cogitent
1551 1610 1633 1691 pii
1673 1620 1733 1669 et
1763 1631 1897 1669 eru-

191 1693 279 1754 iti.
360 1691 474 1752 Est
530 1703 591 1751 et
648 1691 963 1751 manifesta
1016 1691 1370 1772 profanatio,
1420 1703 1652 1773 partem
1705 1712 1895 1751 coenae

143 1773 399 1836 Domini
422 1773 902 1852 circumgestare,
922 1785 983 1832 et
1012 1772 1288 1832 adorare:
1320 1771 1422 1832 ubi
1447 1794 1685 1854 prorsus
1706 1783 1896 1832 trans-

144 1854 333 1918 fertur
357 1876 495 1939 pars
525 1854 597 1915 ad
630 1875 806 1914 usum
839 1866 969 1915 toto
1008 1876 1226 1935 genere
1266 1853 1567 1915 diversum
1614 1855 1689 1914 ab
1730 1855 1896 1914 insti-

144 1937 400 2013 tutione,
446 1958 588 1998 cum
647 1948 847 1998 textus
902 1937 1096 1998 dicat:
1138 1936 1441 2018 Accipite,
1486 1937 1849 1998 manducate
1872 1962 1894 1998 .-

146 2042 288 2083 cum
317 2019 560 2101 quidem
593 2031 655 2080 et
690 2042 892 2080 recens
930 2020 1007 2080 sit
1046 2020 1164 2080 hoc
1203 2020 1635 2102 spectaculum.
1723 2021 1896 2080 Post-

147 2124 335 2176 rem0,
363 2102 570 2183 quales
599 2113 739 2162 sunt
767 2123 961 2163 mores
990 2102 1385 2184 plurimorum
1424 2102 1893 2163 sacrificulorum

147 2197 211 2247 et
240 2185 672 2247 monachorum
704 2186 765 2244 in
795 2197 921 2245 tota
949 2185 1215 2267 Europa,
1242 2185 1346 2265 qui
1387 2208 1507 2246 non
1537 2196 1748 2246 curant
1777 2185 1895 2246 hoc

147 2267 416 2330 dictum:
460 2266 690 2328 Probet
716 2290 783 2328 se
812 2269 1259 2350 unusquisque3
1306 2267 1488 2337 item;
1535 2268 1777 2332 Quicun
1821 2290 1897 2328 ue

147 2351 402 2448 indigne
438 2351 646 2424 sumit,
670 2372 814 2411 reus
856 2351 975 2411 erit
1012 2351 1281 2432 corporis
1322 2359 1381 2411 et
1416 2351 1735 2432 sanguinis
1832 2372 1894 2410 o·

147 2434 345 2496 mint!
384 2433 519 2494 Etsi
558 2443 759 2493 autem
799 2434 1114 2515 pontifices
1143 2445 1204 2493 et
1233 2433 1317 2515 hy
1401 2433 1583 2506 critae,
1613 2434 1716 2514 qui
1747 2455 1896 2515 prae-

146 2517 354 2599 stigias
379 2524 660 2597 quoerunt
700 2515 773 2575 ad
818 2516 945 2576 haec
975 2516 1133 2576 mala
1162 2516 1313 2576 stabi
1342 2515 1536 2589 ienda,
1564 2515 1760 2575 rident
1786 2516 1893 2575 has

147 2599 436 2681 querelas,
465 2610 666 2659 tamen
710 2598 1111 2659 certissimum
1145 2609 1254 2672 est,
1279 2598 1486 2659 Deum
1534 2597 1895 2658 horribiliter

147 2681 318 2743 irasci
350 2681 443 2742 his
472 2680 813 2754 sceleribuS‚
842 2682 997 2742 sicut
1026 2682 1091 2742 in
1115 2681 1298 2742 Israel
1329 2681 1690 2741 irascebatur
1718 2680 1896 2741 sacri-

150 2764 425 2825 ficiorum
455 2763 987 2845 profanationibus.
1072 2763 1157 2824 Et
1186 2764 1457 2824 videmus
1489 2764 1587 2823 irae
1619 2763 1896 2843 exempla

150 2845 499 2915 manifestim
542 2857 635 2905 tot
674 2868 990 2925 regnorum
1036 2847 1255 2921 ruinas,
1294 2846 1688 2907 vastationem
1734 2845 1893 2904 orbis

149 2938 438 2989 terrarum
483 2948 663 3007 quam
707 2929 938 2989 faciunt
963 2929 1196 3002 Turcae,
1239 2929 1618 2990 confusiones
1661 2927 1896 3008 opinio-

150 3031 320 3084 num,
360 3021 423 3071 et
464 3010 683 3070 multas
731 3011 1099 3072 tristissimas
1147 3011 1565 3094 dissipationes
1615 3009 1893 3070 ecclesia·

151 3115 305 3154 rum.
390 3091 481 3152 Te
529 3103 752 3167 autem,
801 3092 916 3154 Fili
954 3094 1097 3165 Dei,
1142 3094 1408 3155 Domine
1439 3093 1590 3155 Jesu
1633 3092 1893 3166 Christe,

152 3175 437 3237 crucifixe
473 3195 583 3256 pro
619 3176 813 3247 nobis,
849 3187 910 3236 et
945 3177 1309 3251 resuscitate,
1338 3198 1576 3236 summe
1606 3173 1892 3235 Sacerdos

151 3257 440 3320 Ecclesiae
491 3268 628 3328 tum,
662 3258 816 3319 veris
866 3259 1193 3341 gemitibus
1243 3281 1503 3332 oramus,
1534 3271 1602 3318 ut
1696 3268 1895 3339 ropter

151 3353 321 3403 tuam
358 3351 420 3401 et
459 3340 665 3400 aeterni
697 3340 886 3401 Patris
927 3342 1015 3402 tui
1063 3342 1315 3423 gloriam
1361 3341 1558 3401 deleas
1600 3280 1777 3413 idgla,
1804 3361 1895 3400 er-

150 3446 311 3486 rores
352 3435 415 3484 et
455 3422 964 3483 abominationes:
1007 3437 1069 3483 et
1111 3423 1267 3484 sicut
1309 3424 1435 3505 ipse
1487 3433 1763 3505 precatus
1808 3445 1893 3497 es,

149 3503 492 3589 sanctifices
520 3528 630 3566 nos
658 3506 721 3566 in
745 3505 1008 3567 veritate
1035 3513 1164 3579 tua,
1190 3518 1251 3566 et
1290 3505 1348 3566 in
1389 3505 1731 3588 pectoribus
1759 3506 1895 3589 plu-

152 3589 440 3652 rimorum
473 3588 761 3649 accendas
790 3588 984 3650 lucem
1009 3587 1180 3650 Evan
1260 3588 1321 3649 lii
1352 3588 1461 3663 tui,
1490 3600 1553 3649 et
1573 3608 1772 3649 veram
1802 3590 1895 3649 in-

154 3673 547 3746 vocationem,
573 3684 635 3733 et
677 3670 856 3733 corda
897 3683 1097 3733 nostra
1138 3610 1257 3733 affe
1247 3693 1446 3733 veram
1489 3670 1891 3755 obedientiam
