2418 4172
460 363 571 420 346
1111 365 1597 423 coNFEsslo

542 506 792 569 XXIX.
851 505 1168 567 Credimus
1225 529 1466 569 summa
1520 520 1652 570 tum
1702 508 2035 592 diligentia,
2076 521 2209 572 tum

461 590 797 674 prudentia,
820 611 894 650 ex
922 589 1042 650 Dei
1071 589 1256 651 verbo
1283 613 1414 652 esse
1439 592 1502 652 in
1546 591 1864 653 uirendum
1896 613 1967 653 ac
1991 592 2214 654 discer-

463 673 727 735 nendum
768 695 1044 753 quaenam
1077 673 1157 734 sit
1184 674 1287 734 illa
1315 696 1454 735 vera
1611 673 1791 735 lesiaz
1834 674 2216 756 quandoqui-

461 755 600 817 dem
645 778 856 816 omnes
900 768 1140 828 sanctie,
1182 769 1484 838 quotquot
1528 756 1706 817 hodie
1749 757 1812 816 in
1857 755 2088 818 mundo
2126 756 2217 817 vi-

463 850 627 922 gent,
665 838 956 900 Ecclesiae
1001 838 1247 899 titulum
1294 861 1636 920 nomenque
1682 851 1995 922 usurpant,
2033 849 2216 920 atque

463 932 819 1004 praetexunt.
881 921 1285 1002 Nequaquam
1311 944 1451 984 vero
1471 923 1548 983 de
1572 922 2023 1016 hypocritarum
2047 932 2215 983 ooetu

465 1026 627 1065 nunc
656 1004 981 1084 loquimur,
1009 1004 1127 1085 qui,
1146 1005 1318 1065 bonis
1356 1005 1416 1065 in
1447 1005 1722 1066 Ecclesia
1752 1017 1895 1065 sunt
1923 1003 2216 1087 permisti,

464 1086 605 1147 licet
648 1086 720 1146 ad
767 1085 1104 1146 Ecclesiam
1152 1088 1388 1170 proprie
1432 1109 1556 1148 non
1599 1088 1959 1169 pertineant,
1988 1087 2052 1147 in
2094 1107 2217 1168 qua

464 1190 712 1251 corpore
754 1178 895 1227 sunt
936 1179 1293 1249 praesentes:
1339 1169 1443 1229 sed
1481 1168 1557 1229 de
1594 1168 2022 1250 distinguendo
2061 1168 2219 1230 dun·

463 1262 632 1311 taxat
678 1271 832 1310 verae
882 1249 1170 1310 Ecclesiae
1217 1272 1465 1334 corpore
1514 1272 1584 1311 ac
1631 1251 2096 1333 congregatione
2137 1251 2217 1312 ab

465 1333 593 1393 aliis
631 1332 919 1392 omnibus
958 1332 1152 1405 sectis,
1182 1354 1318 1414 quae
1358 1355 1421 1394 se
1448 1332 1737 1394 Ecclesioe
1779 1333 2052 1394 membra
2086 1354 2219 1394 esse

464 1415 615 1476 falso
653 1415 1000 1496 gloriantur.
1089 1414 1208 1475 His
1256 1415 1441 1498 igitur
1484 1416 1643 1476 notis
1686 1437 1824 1476 vera
1864 1414 2142 1477 Ecclesia
2181 1437 2219 1476 a

465 1498 613 1559 falsa
641 1497 1029 1559 discernetur.
1113 1497 1178 1557 Si
1209 1497 1270 1558 in
1302 1498 1404 1560 illa
1425 1520 1577 1581 pura
1597 1498 1911 1581 Evangelii
1932 1497 2223 1582 praedica-

465 1583 570 1652 tic,
628 1581 1019 1674 legitimaque
1074 1594 1589 1642 sacramentorum
1646 1604 1723 1643 ex
1780 1581 2009 1643 Christi
2065 1600 2220 1665 prae-

466 1665 690 1746 scripto
713 1662 1151 1725 administratio
1174 1664 1405 1746 vigeat:
1451 1665 1499 1724 si
1531 1665 1676 1725 item
1709 1676 1871 1726 recta
1897 1663 2219 1746 disciplina

466 1746 867 1808 ecclesiastica
910 1758 1115 1806 utatur
1157 1745 1231 1806 ad
1275 1746 1604 1808 coercenda
1645 1747 1824 1807 vitia:
1868 1746 1917 1806 si
1954 1746 2218 1828 denique

468 1832 563 1908 (ut
606 1851 727 1889 uno
772 1829 956 1888 verbo
1002 1840 1221 1903 cuncta
1269 1829 1770 1912 complectamur)
1817 1828 1889 1890 ad
1941 1850 2215 1890 normam

467 1912 629 1972 verbi
660 1911 781 1972 Dei
826 1912 1030 1972 omnia
1073 1911 1294 1992 exigat,
1321 1922 1383 1972 et
1419 1932 1797 1992 quaecunque
1836 1911 1980 1972 huic
2011 1911 2220 1973 adver-

468 2005 676 2055 santur
732 2016 794 2054 re
841 1993 1040 2055 udiet:
1098 1992 1535 2074 Christumque
1578 1993 1830 2054 unicum
1882 2005 2067 2076 caput
2115 2014 2221 2077 ag-

467 2088 694 2138 noscat.
853 2076 922 2150 is,
952 2076 1223 2157 inquam,
1251 2075 1411 2136 notis
1454 2086 1686 2136 certum
1730 2087 1823 2136 est
1863 2094 2065 2137 veram
2101 2074 2222 2138 Eo-

470 2160 714 2221 clesiam
743 2158 1013 2240 dignosci
1044 2180 1251 2240 posset
1296 2181 1331 2219 a
1358 2179 1479 2239 qua
1505 2158 1595 2219 fas
1623 2180 1745 2219 non
1775 2158 1852 2219 sit
1916 2180 2220 2241 uenquam

467 2242 750 2323 disjungi.
823 2242 976 2311 Quae
1006 2252 1207 2302 autem
1241 2241 1361 2302 sint
1388 2260 1542 2302 verae
1571 2241 1750 2323 hujus
1772 2241 1901 2303 Ecc
1923 2242 2062 2303 esiae
2084 2261 2224 2303 vera

467 2326 761 2397 membra,
804 2346 878 2384 ex
933 2324 1359 2386 communibus
1409 2324 1890 2386 Christianorum
1941 2324 2219 2386 omnium

468 2409 628 2469 notis
673 2408 894 2490 poterit
926 2407 1221 2489 judicari:
1277 2406 1472 2488 qualis
1515 2418 1606 2468 est
1648 2406 1816 2482 fides,
1899 2429 1995 2482 ua,
2033 2408 2219 2487 semel

470 2491 714 2552 Christo
771 2512 881 2551 ceu
937 2490 1119 2551 unico
1176 2511 1286 2550 suo
1334 2490 1640 2550 Salvatore
1697 2511 1881 2573 appre
1927 2510 2091 2564 enso,
2126 2490 2222 2551 su·-

514 2574 643 2634 'unt
665 2583 1004 2655 peccatum,
1026 2583 1088 2632 et
1108 2582 1439 2653 sequuntur
1449 2571 1750 2652 justitiam
1773 2595 1789 2632 t
1832 2593 2042 2634 verum
2071 2572 2218 2634 item

469 2594 673 2717 geum
708 2677 777 2715 ac
805 2654 1115 2737 proximos
1144 2676 1283 2715 suos
1310 2654 1590 2738 diligunt,
1610 2676 1808 2736 neque
1831 2654 1904 2716 ad
1926 2654 2222 2730 dextram,

470 2760 667 2833 neque
696 2738 771 2798 ad
802 2738 1100 2800 sinistram
1126 2736 1545 2799 deflectentes:
1590 2759 1830 2798 carnem
1861 2758 2054 2810 suam,
2075 2758 2218 2799 cum

472 2822 660 2904 ipsius
697 2821 940 2894 effectis,
969 2820 1353 2902 crucifigunt,
1384 2821 1636 2882 minime
1672 2820 1733 2881 id
1773 2820 2019 2903 quidem
2049 2819 2221 2903 quasi

472 2905 637 2965 nulla
682 2903 941 2986 amplius
984 2903 1046 2964 in
1090 2902 1208 2965 illis
1252 2904 1329 2964 sit
1372 2904 1723 2964 infirmitas:
1766 2903 1872 2965 sed
1914 2902 2076 2986 quod
2120 2902 2224 2964 ad-

473 3009 675 3048 versus
716 2987 882 3047 illam
923 3008 1028 3070 per
1063 3007 1246 3047 omne
1274 2986 1412 3049 vitae
1443 2998 1684 3070 tempus
1714 2987 1933 3048 virtute
1961 2985 2222 3070 Spiritus

472 3081 765 3153 pugnent,
793 3081 856 3131 et
883 3067 1138 3130 subinde
1174 3068 1247 3130 ad
1288 3071 1663 3152 sanguinem,
1692 3081 1969 3144 mortem,
1996 3069 2224 3153 passio-

475 3174 736 3236 nemque
774 3164 835 3214 et
871 3152 1273 3215 obedientiam
1306 3153 1534 3214 Christi
1567 3153 1818 3215 Domini
1854 3152 2061 3228 nostri,
2087 3163 2224 3214 tan-

474 3259 654 3318 quam
705 3235 776 3298 ad
806 3235 1195 3299 ¹tutissimum
1243 3235 1613 3319 praesidium‚
1655 3236 1989 3320 refugiant:
2044 3246 2114 3297 ut
2156 3234 2221 3295 in

474 3341 596 3401 quo
625 3319 753 3379 solo
775 3319 966 3381 sciant
987 3341 1050 3380 se
1076 3319 1295 3380 habere
1316 3319 1792 3403 redemptionem
1816 3328 2220 3402 ρεοαωωω,

476 3424 582 3496 per
610 3402 791 3463 fidem
826 3402 885 3462 in
918 3402 1110 3464 illum.
1199 3401 1373 3464 Falsa
1400 3424 1541 3465 vero
1569 3402 1822 3464 ecclesia
1858 3412 2064 3464 contra
2104 3396 2218 3458 sibi

478 3486 588 3566 ipsi
634 3485 875 3567 suisque
916 3484 1205 3547 institutis
1248 3497 1310 3546 et
1354 3485 1773 3547 traditionibus
1810 3485 1947 3578 plus
1982 3499 2221 3574 semper

476 3588 655 3646 quam
703 3567 820 3628 Dei
868 3569 1050 3629 verbo
1090 3569 1337 3631 tribuit:
1381 3568 1608 3629 Christi
1648 3586 1788 3628 vero
1812 3583 1965 3646 Jugo
2002 3562 2217 3642 subjici

478 3670 541 3708 se
570 3670 687 3708 non
713 3650 968 3730 patitur:
1007 3673 1120 3712 nec
1139 3662 1508 3712 sacramenta
1529 3670 1604 3710 ex
1626 3647 1850 3709 Christi
1873 3645 2220 3729 praecripto
