2418 4172
432 330 538 381 112
1060 327 1544 382 CONFESSIO

431 468 686 532 Domini
715 490 824 530 suo
854 482 1123 551 tempore
1154 470 1519 552 insequentis
1549 469 1720 531 vitae:
1749 470 1823 531 ad
1856 472 2176 535 testifican-

431 551 578 615 dum
609 549 790 616 fldem
829 563 890 613 et
929 551 1247 621 fraternam
1292 550 1685 615 charitatem:
1728 552 1886 615 sicut
1924 553 1987 616 in
2031 554 2178 636 bap-

430 633 614 697 tismo
642 633 1005 728 promissum
1034 651 1142 696 est.

514 716 741 779 Christi
771 716 1023 778 ecclesia
1049 738 1294 778 omnem
1326 738 1569 798 operam
1612 715 1911 799 impendit
1949 729 2022 779 ut
2046 717 2178 779 vin-

430 799 568 864 cula
596 797 759 882 pacis
787 810 850 859 et
877 798 1213 861 dilectionis
1245 799 1303 859 in
1335 799 1564 860 unitate
1594 811 1847 860 tueatur.
1907 798 2177 880 Ideoque

431 904 574 944 cum
605 881 780 942 sectis
809 893 870 942 ct
899 880 1180 942 ordinum
1210 880 1429 963 regulis
1457 881 1531 942 ad
1566 880 1885 942 discrimen
1922 881 2177 956 dierum,

429 964 722 1039 ciborum,
742 963 998 1025 vestium
1029 975 1092 1024 et
1110 963 1596 1025 coeremoniarum
1620 964 1990 1047 compositis,
2009 963 2179 1026 nullo

431 1046 616 1109 modo
643 1045 1069 1108 communicat.
1454 1118 1463 1127 ·

512 1128 624 1190 vl.
652 1129 941 1190 Proeterea
968 1127 1140 1188 Deus
1170 1126 1542 1207 magistratui
1586 1149 1696 1189 suo
1734 1127 2027 1205 ministro,
2052 1128 2180 1211 gla-

429 1209 598 1272 dium
629 1222 691 1271 et
718 1230 1019 1270 summam
1050 1219 1359 1269 externam
1391 1219 1752 1290 potestatem
1776 1210 1951 1273 bonis
1971 1210 2048 1272 ad
2075 1210 2189 1281 de-f

429 1291 783 1366 tensionem,
813 1291 986 1352 malis
1015 1289 1089 1351 ad
1117 1288 1446 1351 vindictam
1476 1300 1541 1351 et
1566 1312 1837 1372 poenam,
1862 1290 2180 1375 delegavit.

430 1374 705 1444 Quilibet
745 1373 929 1455 igitur
955 1371 1335 1435 Christianus
1379 1371 1761 1454 magistratus
1792 1373 1880 1454 (in
1918 1394 2175 1456 quorum

428 1478 683 1517 numero
725 1477 835 1517 nos
876 1478 1007 1518 esse
1049 1454 1356 1538 cupimus)
1394 1475 1605 1516 omnes
1646 1455 1801 1517 vires
1841 1478 1916 1518 eo
1955 1455 2180 1539 dirigit,

428 1550 518 1613 ut,
546 1538 705 1622 apud
736 1560 859 1600 suae
889 1538 1028 1600 fidei
1053 1537 1428 1612 commissos,
1450 1559 1672 1599 nomen
1694 1538 1815 1600 Dei
1845 1539 2180 1602 sanctifice-

429 1631 548 1693 tur,
589 1643 842 1704 regnum
890 1620 1077 1705 ipsius
1119 1631 1504 1704 propagetur,
1543 1620 1851 1714 ipsiusque
1883 1621 2176 1685 voluntati

429 1723 568 1765 cum
601 1703 751 1765 seria
780 1702 1179 1787 extirpatione
1206 1703 1496 1764 scelerum
1527 1714 1779 1765 vivatur.

1014 1785 1105 1848 Et
1132 1785 1216 1847 ad
1239 1806 1375 1847 mar
1430 1785 1597 1847 ‘nem

518 1870 661 1934 Hoc
685 1868 949 1957 officium
971 1869 1156 1932 etiam
1169 1807 1442 1951 genuf
1424 1869 1824 1951 magistratui
1840 1867 2181 1952 &unctum

406 1952 575 2039 ficit,
602 1962 831 2038 quanto
857 1953 1059 2035 magis
1094 1950 1443 2014 Christiano
1469 1952 1870 2033 magistratui
1888 1972 2180 2025 ωηιιιιᾳ-

430 2037 642 2100 datum
670 2058 799 2099 esse
826 2035 1016 2109 debet,
1042 2042 1115 2096 ut
1153 2055 1296 2096 vero
1339 2033 1468 2095 Dea·
1506 2034 1738 2096 vicario
1755 2034 1795 2094 9
1836 2033 2023 2095 Rom.
2048 2033 2198 2102 xiii·

437 2131 462 2181 l
499 2121 628 2182 Pet.
657 2120 717 2181 ii.

511 2202 658 2264 VII.
679 2202 1060 2263 confitemur
1085 2199 1428 2263 Dominum
1456 2198 1672 2262 Jesum
1706 2210 1976 2263 sanctam
2004 2221 2175 2264 suam

429 2305 669 2347 coenam
710 2283 1039 2347 instituisse
1078 2282 1155 2345 ad
1192 2282 1645 2344 memorandam
1690 2293 1958 2346 sanctam
2004 2303 2176 2347 suam

427 2368 767 2450 passionem
798 2388 937 2429 cum
969 2365 1293 2449 gratiarum
1325 2365 1580 2439 actione,
1595 2364 1671 2427 ad
1692 2364 2174 2441 annunciandam

428 2461 685 2511 mortem
731 2471 924 2523 suam,
955 2460 1135 2529 atque
1178 2446 1252 2509 ad
1295 2445 1735 2509 testificandam
1767 2446 2175 2512 Christianam

429 2531 782 2593 charitatem
834 2541 895 2591 et
943 2531 1237 2592 unitatem
1289 2551 1431 2591 cum
1485 2551 1623 2590 vera
1674 2528 1811 2591 fide.
1893 2529 1982 2593 Et
2021 2529 2178 2592 sicut

430 2614 732 2697 baptismo
763 2612 851 2691 (in
882 2634 1005 2694 quo
1045 2611 1218 2674 nobis
1257 2612 1488 2673 ablutio
1526 2634 1560 2673 a
1680 2613 1884 2688 ccatis,
1910 2634 2047 2695 que
2089 2623 2177 2676 ta-

430 2717 570 2758 men
601 2717 636 2758 a
665 2695 793 2758 solo
820 2694 1015 2770 Patre,
1042 2694 1218 2768 Filio,
1244 2706 1305 2756 et
1333 2693 1559 2776 Spiritu
1672 2706 1815 2757 neto
1850 2694 2177 2778 perficitur,

428 2800 536 2923 ἵζ’
549 2776 2176 2943 έῖἷζΐῗὲῗωῗῖῧὲῖ,εἶῖθὲἒὲυζθᾍὶιέἓ“ἔωῒῖῗὲ

429 2954 490 3004 et
543 2943 685 3005 vino
740 2941 998 3005 Domini
1056 2964 1260 3004 verum
1319 2963 1537 3036 corpus
1594 2952 1656 3003 et
1705 2963 1877 3004 verus
1933 2943 2174 3027 sanguis

429 3024 656 3090 Christi
691 3046 798 3109 per
835 3024 1176 3087 ministrum
1222 3024 1487 3086 ecclesiae
1575 3026 1950 3108 raeflguratur
1981 3036 2046 3088 et
2085 3024 2176 3088 of·

427 3109 639 3189 fertur)
672 3107 845 3192 panis
873 3118 936 3170 et
962 3107 1170 3170 vinum
1203 3118 1425 3169 manet.
1552 3106 1815 3170 redimus
1843 3118 2045 3171 autem
2076 3109 2177 3172 fir-

429 3191 607 3253 miter
653 3191 983 3274 ipsummet
1023 3189 1334 3253 Christum
1379 3190 1585 3252 cibum
1629 3212 1759 3252 esse
1799 3189 2170 3256 credentium

430 3274 765 3342 animarum
802 3273 876 3336 ad
907 3272 1091 3337 vitam
1123 3284 1430 3347 aeternam,
1458 3284 1523 3335 et
1547 3284 1780 3336 nostras
1806 3272 2038 3337 animas
2062 3292 2173 3357 per

428 3378 627 3417 veram
660 3356 840 3418 fidem
874 3356 935 3418 in
970 3356 1322 3419 crucifixum
1354 3355 1690 3431 Christum,
1717 3376 1894 3418 carne
1932 3364 1998 3418 et
2034 3374 2172 3417 san·

430 3438 610 3519 guine
644 3438 869 3502 Christi
911 3438 1094 3502 cibari
1138 3451 1200 3502 et
1243 3438 1473 3534 potari:
1519 3438 1602 3501 ita
1643 3448 1711 3502 ut
1752 3458 1882 3512 nos,
1908 3435 2171 3521 corporis

432 3520 520 3579 sui
553 3532 836 3600 tanquam
880 3522 1037 3584 unici
1078 3533 1263 3584 nostri
1307 3521 1520 3606 capitis
1564 3520 1857 3593 membra,
1886 3517 1951 3582 in
1990 3540 2085 3595 eo,
2109 3532 2172 3583 et
