2418 4172
432 358 542 411 348
1063 361 1549 417 CONFESSIO

435 524 541 564 nes
569 501 646 565 de
671 502 835 565 verbi
871 502 1156 564 ministris
1194 515 1256 563 et
1294 503 1624 564 senioribus
1652 503 1961 579 Ecclesiae,
1993 506 2183 568 hono-

435 586 599 647 rifice
699 597 898 668 ropter
945 607 1098 668 opus
1156 586 1251 647 cui
1310 586 1672 648 incumbunt
1717 586 1954 662 sentire,
1999 599 2183 671 atque

435 689 576 729 cum
621 668 638 728 i
690 669 737 729 is
780 690 991 750 pacem
1037 668 1272 738 colere;
1315 680 1378 728 et
1413 691 1446 729 a
1487 669 1629 729 rixis
1668 690 1740 731 ac
1780 671 2183 733 contentioni-

436 751 569 822 bus,
641 763 891 811 uantum
924 751 1050 810 fieri
1082 763 1301 835 potest,
1332 751 1587 812 invicem
1620 752 1937 813 abstinere.

647 832 802 894 XII.
847 833 1098 894 Interim
1136 833 1435 894 credimus
1518 833 1721 894 uidem
1763 834 1909 895 utile
1938 856 2086 910 esse,
2113 845 2184 896 ut

435 915 694 976 seniores
724 915 826 996 qui
858 916 1123 976 ecclesiis
1152 928 1435 998 proesunt,
1459 856 1718 998 dliquem
1753 916 1907 977 inter
1934 939 1999 978 se
2026 915 2184 978 ordi-

434 1019 572 1058 nem
603 997 989 1070 constituant,
1017 997 1090 1058 ad
1129 998 1638 1059 conservationem
1675 1000 1938 1081 corporis
1966 999 2183 1061 Eccle-

434 1079 568 1140 siae:
613 1078 795 1140 modo
839 1078 1101 1139 studiose
1150 1092 1417 1150 caveant,
1463 1103 1539 1140 ne
1583 1102 1706 1162 quo
1751 1093 1929 1163 pacto
1978 1083 2056 1143 ab
2107 1081 2181 1143 iis

431 1161 753 1222 deflectant
809 1159 1207 1235 declinentve,
1260 1183 1397 1241 quoe
1439 1162 1717 1223 Christus
1777 1163 1924 1245 ipse,
1969 1163 2181 1226 unicus

434 1242 728 1324 Magister
756 1254 974 1316 noster,
1003 1243 1187 1303 semel
1218 1243 1549 1303 constituit.
1634 1244 1768 1304 Nos
1809 1245 2013 1326 itaque
2048 1266 2184 1308 om-

433 1326 531 1386 nia
560 1325 826 1385 bumana
858 1325 1115 1399 inventa,
1144 1345 1475 1405 omnesque
1505 1326 1666 1407 leges
1694 1326 2019 1407 rejicimus,
2046 1348 2183 1409 quoe

433 1408 506 1468 ad
549 1406 670 1468 Dei
714 1407 945 1468 cultum
993 1419 1136 1468 sunt
1178 1407 1556 1481 introductae,
1585 1420 1653 1468 ut
1691 1409 1762 1469 iis
1800 1409 2182 1472 conscientia

432 1490 557 1551 ullo
588 1490 770 1550 modo
800 1489 1216 1570 illaqueentur,
1245 1501 1350 1551 aut
1383 1491 1853 1574 obstringuntur.
1938 1491 2183 1574 Easque

432 1574 585 1634 solas
616 1573 996 1654 suscipimus,
1025 1596 1159 1654 quae
1190 1571 1418 1634 idoneae
1446 1586 1606 1648 sunt,
1627 1574 1719 1634 vel
1751 1573 1824 1634 ad
1855 1573 2176 1637 fovendam

432 1655 831 1735 alendamque
858 1655 1259 1725 concordiam,
1284 1657 1377 1716 vel
1409 1655 1483 1716 ad
1515 1678 1623 1716 nos
1654 1657 1714 1717 in
1744 1656 1863 1718 Dei
1894 1657 2182 1719 obedien-

432 1738 515 1799 tia
542 1736 902 1799 retinendos.
986 1737 1083 1798 Ad
1130 1737 1190 1797 id
1219 1760 1359 1798 vero
1397 1738 1694 1820 imprimis
1732 1740 2061 1801 necessaria
2087 1754 2181 1802 est

430 1819 1003 1894 excommunicatio,
1045 1841 1118 1880 ex
1165 1834 1466 1913 praecepto
1505 1821 1665 1880 verbi
1709 1821 1829 1882 Dei
1875 1837 2179 1905 usurpata,

431 1916 493 1964 et
535 1902 663 1964 aliae
708 1902 790 1963 illi
838 1924 1085 1963 annexae
1127 1901 1464 1984 disciplinoe
1501 1903 1916 1966 ecclesiasticoe
1954 1927 2033 1991 ap

429 1985 610 2047 dices.
2175 2022 2179 2033 v

512 2068 831 2130 XXXIII.
874 2067 1192 2129 Credimus
1231 2067 1457 2142 Deum,
1487 2067 1694 2130 habita
1734 2080 1951 2132 nostrae
1994 2070 2180 2134 hebe-

432 2151 656 2213 tudinis
700 2163 761 2212 et
804 2150 1173 2212 infirmitatis
1212 2150 1460 2224 ratione,
1489 2163 1861 2213 sacramenta
1888 2154 2061 2215 nobis
2090 2154 2182 2216 in-

431 2235 711 2307 stituisse,
739 2244 808 2294 ut
851 2233 1145 2316 promissa
1184 2256 1290 2295 sua
1328 2233 1391 2294 in
1429 2234 1603 2295 nobis
1631 2234 1761 2295 obsi
1850 2248 1992 2311 aret,
2019 2248 2082 2298 et
2110 2248 2181 2299 ut

430 2329 632 2378 essent
669 2316 888 2378 divinae
932 2339 1073 2397 erga
1114 2338 1223 2376 nos
1268 2317 1721 2392 benevolentiae,
1757 2257 2181 2404 ffgnommque

430 2400 579 2480 ejus,
608 2399 939 2460 certissima
970 2399 1139 2459 nobis
1215 2400 1440 2481 ignora,
1470 2399 1543 2460 ad
1574 2399 1757 2461 fldem
1790 2413 2055 2463 nostram
2087 2402 2180 2463 fo-

431 2481 685 2542 vendam
731 2493 793 2541 et
830 2493 1138 2542 sustentari
1182 2504 1279 2542 am
1312 2494 1673 2564 comparata.
1757 2482 2012 2544 Addidit
2037 2506 2179 2545 vero

431 2565 533 2625 illa
570 2564 643 2624 ad
674 2565 923 2624 verbum
954 2563 1288 2645 Evangelii,
1316 2576 1386 2624 ut
1421 2575 1550 2624 tum
1581 2587 1653 2625 ea
1683 2564 1809 2646 ipsa
1837 2586 1973 2647 quae
2002 2566 2178 2628 nobis

430 2647 613 2709 verbo
655 2668 764 2706 suo
805 2645 1083 2716 declarat,
1112 2658 1242 2707 tum
1287 2668 1358 2706 ea
1399 2646 1578 2707 etiam
1621 2669 1756 2729 quae
1800 2647 1899 2708 ille
1940 2649 2072 2732 ipse
2113 2649 2178 2710 iu

430 2729 708 2791 cordibus
735 2729 953 2789 nostris
982 2729 1213 2789 interne
1250 2744 1548 2811 operatur,
1576 2729 1873 2791 efficacius
1901 2731 2177 2793 sensibus

434 2812 648 2873 nostris
677 2811 938 2872 externis
975 2823 1371 2894 proponeret:
1417 2834 1485 2872 ac
1513 2812 1775 2893 denique
1804 2825 1871 2874 ut
1899 2813 2178 2889 salutem,

429 2917 611 2976 quam
643 2895 817 2956 nobis
846 2894 1292 2956 communicare
1321 2893 1622 2976 dignatur,
1643 2895 1835 2977 magis
1866 2897 2178 2979 magisque

431 2979 491 3038 in
522 2978 695 3039 nobis
723 2979 1123 3039 confirmaret.
1208 2978 1364 3037 Sunt
1393 2978 1555 3038 enim
1586 2990 1957 3040 sacramenta
1984 2980 2176 3061 signa,

431 3084 501 3121 ac
542 3060 820 3143 symbola
854 3059 1110 3121 visibilia
1153 3081 1348 3120 rerum
1397 3060 1762 3121 internarum
1808 3073 1871 3123 et
1908 3061 2179 3124 invisibi-

432 3143 602 3217 lium,
632 3165 739 3226 per
766 3165 900 3238 quae
936 3164 1046 3203 ceu
1078 3164 1183 3226 per
1208 3142 1405 3203 media
1433 3143 1603 3205 Deus
1625 3143 1760 3238 ’ipse
1788 3144 2009 3206 virtute
2035 3144 2179 3228 Spi-·

337 3222 348 3233 ’
431 3226 577 3286 ritus
607 3227 811 3287 Sancti
844 3247 903 3286 in
932 3224 1105 3286 nobis
1136 3226 1277 3307 agit.
1350 3226 1564 3308 Itaque
1593 3248 1638 3287 sn
1730 3248 1765 3287 a
1793 3226 1895 3288 illa
1916 3227 2176 3292 minime

431 3330 579 3369 vana
624 3320 784 3382 sunt,
823 3320 927 3371 aut
958 3329 1178 3370 vacua:
1222 3330 1333 3369 nec
1371 3309 1443 3370 ad
1488 3331 1598 3370 nos
1682 3309 2025 3403 ecipiendos
2066 3318 2173 3371 sut

430 3391 796 3453 frustrandos
827 3390 1116 3452 instituta.
1191 3391 1466 3474 Ipsorum
1491 3392 1653 3453 enim
1684 3405 1899 3453 veritas
1925 3403 2016 3453 est
2042 3390 2171 3473 ipsc

428 3473 622 3534 ἄκουε
650 3476 992 3546 Cunisrus,
1041 3474 1168 3534 sinc
1271 3496 1349 3534 uo
1407 3475 1629 3535 nullius
1684 3486 1882 3535 essent
1930 3493 2169 3555 pmrsus

433 3556 741 3618 momenti.
802 3557 1101 3618 Coeterum
1134 3496 1354 3618 sufficit
1382 3557 1555 3618 nobis
1584 3557 1633 3618 is
1662 3565 2166 3617 sacramentorum

432 3657 734 3710 numerus,
761 3660 940 3718 quem
963 3638 1240 3699 Christus
1270 3638 1417 3720 ipse,
1432 3659 1605 3699 verus
1633 3650 1695 3698 et
1723 3635 1933 3698 unicus
1959 3635 2171 3699 doctor

2392 1946 2418 1994 'i
