2418 4172
424 334 531 393 182
1055 330 1534 387 CONFESSIO

425 475 732 560 promissae
780 484 1024 558 propter
1070 473 1405 549 Christum,
1446 484 1655 553 estque
1702 471 2017 548 sententia,
2059 471 2169 538 bo·

427 559 619 621 mines
638 557 835 639 justos
866 557 1265 641 pronunciari,
1293 556 1352 619 id
1383 568 1492 630 est,
1513 553 1900 626 reconciliari,
1921 577 2027 638 per
2056 554 2171 622 mi·-

428 640 831 713 sericordiam,
859 663 981 703 non
1024 652 1266 724 propter
1308 639 1663 722 dignitatem
1709 637 2029 720 propriam,
2062 636 2169 699 sed

427 724 584 788 hanc
636 723 1102 787 misericordiam
1199 725 1507 786 remissam
1570 733 1811 804 propter
1856 720 2168 789 Christum

426 819 665 891 oportet
694 806 812 867 fide
843 806 1053 890 accipi.
1184 829 1278 867 am
1319 808 1503 867 bonas
1546 817 1776 866 mentes
1806 802 1958 865 nibil
1987 802 2173 864 offen-

426 889 528 952 det
557 889 788 951 novitas
821 889 999 970 hujus
1023 889 1284 951 Paulinae
1316 890 1542 982 figurae,
1564 883 2171 970 Fidejustg'sicamur‚

427 972 477 1037 si
519 972 859 1053 intelligant
902 972 1137 1065 proprie
1179 971 1254 1033 de
1297 970 1702 1036 misericordia
1744 970 1884 1042 dici,
1913 990 2171 1049 eamque

425 1056 579 1118 veris
626 1066 687 1116 et
732 1054 1076 1118 necessariis
1126 1053 1404 1116 laudibus
1449 1053 1662 1122 ornari.
1749 1051 1914 1121 Quid
1973 1063 2173 1134 potest

425 1138 589 1200 enim
632 1159 759 1198 esse
803 1136 1025 1218 gratius
1069 1136 1448 1198 conscientiae
1482 1135 1711 1204 afflictae
1741 1158 1811 1201 ac
1840 1133 2070 1217 pavidoe
2108 1134 2168 1201 in

427 1218 579 1284 veris
626 1218 952 1293 doloribus,
989 1239 1173 1299 quam
1222 1218 1445 1292 audire,
1483 1218 1600 1284 boc
1642 1239 1770 1279 esse
1816 1216 2171 1288 mandatura

424 1302 568 1377 Dei,
612 1302 768 1363 hanc
817 1322 946 1362 esse
993 1322 1204 1362 vocem
1256 1300 1456 1383 sponsi
1500 1299 1747 1373 Christi,
1787 1310 1859 1367 ut
1905 1310 2175 1369 statuant

427 1395 591 1447 certo
633 1383 840 1447 donari
879 1381 1292 1454 remissionem
1335 1393 1720 1465 peecatorum
1760 1403 1864 1453 seu
1908 1380 2176 1446 recond-

424 1467 755 1541 liationem,
771 1488 893 1529 non
911 1477 1159 1560 propter
1181 1477 1445 1528 nostram
1469 1465 1849 1548 dignitatem,
1865 1464 1967 1528 sed
1990 1464 2174 1547 gratis

425 1573 534 1633 per
562 1549 1049 1624 misericordiam,
1077 1560 1321 1632 propter
1348 1549 1681 1620 Christum,
1713 1559 1781 1612 ut
1809 1546 2174 1618 beneficium

426 1633 506 1695 sit
559 1644 810 1695 certum.
896 1632 1213 1714 Significat
1270 1643 1470 1699 autem
1531 1631 1887 1711 justificatio
1950 1631 2012 1698 in
2078 1630 2174 1699 bis

429 1716 599 1779 Pauli
631 1714 939 1777 sententiis
969 1714 1378 1780 remissionem
1410 1726 1816 1796 peccatorum,
1838 1735 1943 1782 seu
1972 1734 2179 1781 recon-

427 1798 814 1872 ciliationem,
842 1819 948 1859 seu
991 1797 1454 1879 imputationem
1483 1796 1756 1877 justitiae,
1784 1796 1901 1862 hoc
1941 1807 2054 1871 est,
2079 1818 2178 1861 ao-

427 1903 496 1943 ce
542 1880 831 1942 tationem
864 1901 1150 1962 personae.
1179 1898 1182 1905 ·

498 1903 647 2026 ἅζεο
676 1962 973 2024 afferimus
1004 1983 1227 2023 novum
1257 1960 1480 2042 dogma
1508 1961 1569 2023 in
1600 1961 1936 2029 ecclesiam.
2007 1960 2174 2030 Nam

428 2046 586 2114 banc
622 2044 698 2107 de
741 2044 860 2105 fide
898 2043 1232 2106 doctrinam
1275 2044 1567 2126 scriptura
1605 2043 1845 2137 copiose
1887 2041 2088 2116 tradit,
2115 2054 2179 2109 st

428 2129 649 2192 Paulus
679 2128 844 2189 hunc
873 2126 1073 2188 locum
1108 2126 1280 2209 praeci
1331 2148 1405 2188 ue
1433 2138 1649 2194 tractat
1676 2149 1739 2187 m
1769 2126 2000 2207 aliquot
2026 2125 2180 2221 Epi-.-

427 2211 613 2282 stolis.
697 2210 782 2273 Et
825 2209 1046 2272 docent
1088 2209 1248 2272 idem
1285 2148 1396 2271 gS.
1428 2210 1652 2277 Patres.
1738 2209 1841 2272 Sic
1877 2209 2043 2278 enim
2084 2230 2179 2276 m-

427 2294 559 2375 quit
601 2293 957 2356 Ambrosius
999 2291 1075 2354 de
1117 2293 1428 2357 vocatione
1470 2293 1763 2375 gentium,
1795 2291 2181 2361 “vilesceret

426 2384 462 2417 ‘·‘
494 2376 830 2458 redemptio
859 2375 1167 2458 sanguinis
1197 2375 1444 2446 Christi,
1468 2397 1580 2439 neo
1610 2373 2028 2442 misericordius
2054 2374 2176 2442 Dei

427 2467 463 2510 ‘.‘
495 2459 901 2520 humanorum
941 2480 1192 2541 operum
1234 2458 1624 2540 proerogativa
1658 2458 2096 2531 succumberet,
2126 2457 2175 2520 si

428 2549 463 2579 “
484 2540 860 2621 justificatiO,
890 2562 1022 2620 quae
1056 2542 1125 2602 fit
1152 2563 1258 2623 per
1286 2541 1559 2623 gratiam,
1581 2540 1809 2605 meritis
1839 2539 2177 2623 preceden-

427 2632 463 2668 “
494 2624 656 2686 tibus
686 2622 1021 2696 deberetur,
1044 2635 1112 2684 ut
1140 2645 1259 2686 non
1293 2645 1510 2688 munus
1540 2623 1864 2704 largientis,
1884 2622 1990 2685 sed
2020 2645 2178 2688 mer-

427 2714 466 2746 “
495 2729 594 2769 ees
637 2717 793 2768 esset
835 2729 872 2766 o
953 2705 1186 2768 rantis.”
1255 2705 1340 2769 Et
1379 2707 1583 2768 multae
1613 2718 1755 2772 suut
1783 2706 2029 2799 integra
2062 2705 2178 2774 hnc

428 2789 505 2852 de
547 2811 610 2850 re
654 2787 811 2871 apud
851 2727 950 2852 ,ΕΣ
995 2788 1260 2852 ustinum
1306 2788 1783 2871 disputationem
1828 2789 2008 2869 hujus
2046 2788 2179 2857 bac

430 2883 570 2935 sunt
615 2872 828 2933 verba:
876 2879 914 2908 “
937 2810 1444 2953 {nandoquidem
1499 2894 1605 2955 per
1661 2872 1855 2955 legem
1914 2870 2180 2939 ostendit

427 2962 462 2992 “
495 2953 725 3018 bomini
772 2954 1182 3017 infirmitatem
1229 2978 1420 3029 suam,
1450 2968 1518 3018 ut
1556 2954 1631 3017 ad
1675 2956 1803 3036 ejus
1848 2954 2181 3020 misericor-

426 3045 461 3074 “
489 3036 653 3100 diam
692 3059 799 3119 per
840 3036 1020 3099 fidem
1066 3037 1417 3121 confugiens
1460 3050 1788 3112 sanaretur,
1813 3037 2045 3103 dictum
2085 3048 2179 3106 ent

428 3129 465 3157 “
496 3120 657 3182 enim
699 3118 864 3202 quod
899 3119 956 3181 le
998 3141 1095 3181 ern
1126 3131 1187 3182 et
1217 3120 1680 3184 misericordiam
1712 3120 1773 3185 in
1804 3121 2012 3204 lingua
2039 3141 2179 3205 por,

430 3210 465 3238 “
495 3214 601 3274 tet,
632 3203 830 3298 legem
868 3142 1114 3277 scifioet,
1142 3225 1262 3284 qua
1296 3226 1426 3266 reos
1460 3203 1640 3268 faciat
1667 3205 1975 3298 superbos,
2003 3203 2180 3267 miso-

430 3293 466 3321 “
495 3285 811 3348 ricordiam
854 3307 1015 3360 vero,
1049 3308 1170 3368 qua
1200 3285 1498 3366 justificet
1541 3287 1904 3352 humiliatos,
1985 3282 2179 3349 susti-

431 3374 467 3403 “
497 3368 579 3429 tia
607 3390 750 3450 ergo
781 3366 901 3432 Dei
933 3391 1038 3453 per
1067 3369 1250 3433 fidem
1278 3369 1429 3434 Jesu
1458 3369 1686 3440 Christi
1725 3370 1789 3433 in
1826 3387 2036 3434 omne·
2067 3365 2174 3447 qui

432 3456 470 3487 “
500 3450 802 3525 credunt,”
830 3451 941 3514 διο.

521 3531 602 3593 Et
637 3532 901 3614 synodus
940 3534 1298 3598 Milevitana
1340 3534 1565 3608 scribit,
1593 3541 1628 3570 ‘⁶
1649 3532 1874 3596 Nonne
1909 3528 2052 3596 ntis
2081 3551 2177 3594 οι-

433 3618 468 3653 “
492 3613 764 3675 'tonditur
800 3614 918 3676 hoe
955 3630 1156 3678 actum
1202 3639 1331 3679 esse
1372 3639 1479 3700 per
1516 3617 1733 3698 legem,
1760 3624 1828 3679 ut
1857 3624 2174 3696 peecatum

2379 3601 2393 3638 l

2349 3790 2400 4172 ἑ
