<?xml version="1.0" encoding="UTF-8"?>
<!DOCTYPE html PUBLIC "-//W3C//DTD XHTML 1.0 Transitional//EN"
    "http://www.w3.org/TR/xhtml1/DTD/xhtml1-transitional.dtd">
<html xmlns="http://www.w3.org/1999/xhtml" xml:lang="en" lang="en">
 <head>
  <title>
</title>
<meta http-equiv="Content-Type" content="text/html;charset=utf-8" />
  <meta name='ocr-system' content='tesseract 3.04.00' />
  <meta name='ocr-capabilities' content='ocr_page ocr_carea ocr_par ocr_line ocrx_word'/>
</head>
<body>
  <div class='ocr_page' id='page_1' title='image "./syllogeconfessio00oxfouoft_0165.png"; bbox 0 0 2418 4172; ppageno 0'>
   <div class='ocr_carea' id='block_1_1' title="bbox 554 305 1908 364">
    <p class='ocr_par' dir='ltr' id='par_1_1' title="bbox 554 305 1908 364">
     <span class='ocr_line' id='line_1_1' title="bbox 554 305 1908 364; baseline -0.001 0"><span class='ocrx_word' id='word_1_1' title='bbox 554 305 1108 364; x_wconf 79' lang='lat' dir='ltr'>AUGUSTANA</span> <span class='ocrx_word' id='word_1_2' title='bbox 1158 305 1527 361; x_wconf 82' lang='lat' dir='ltr'>Mnxxxl.</span> <span class='ocrx_word' id='word_1_3' title='bbox 1802 308 1908 363; x_wconf 74' lang='lat'>14³</span> 
     </span>
    </p>
   </div>
   <div class='ocr_carea' id='block_1_2' title="bbox 159 444 1912 944">
    <p class='ocr_par' dir='ltr' id='par_1_2' title="bbox 159 444 1912 678">
     <span class='ocr_line' id='line_1_2' title="bbox 163 444 1909 543; baseline -0.002 -29"><span class='ocrx_word' id='word_1_4' title='bbox 163 470 349 535; x_wconf 84' lang='lat' dir='ltr'>quam</span> <span class='ocrx_word' id='word_1_5' title='bbox 393 448 743 543; x_wconf 76' lang='lat' dir='ltr'>hujusmodi</span> <span class='ocrx_word' id='word_1_6' title='bbox 782 469 981 542; x_wconf 75' lang='lat' dir='ltr'>opera,</span> <span class='ocrx_word' id='word_1_7' title='bbox 1009 444 1288 507; x_wconf 83' lang='lat' dir='ltr'>videlicet</span> <span class='ocrx_word' id='word_1_8' title='bbox 1323 444 1530 539; x_wconf 76' lang='lat' dir='ltr'>fldem,</span> <span class='ocrx_word' id='word_1_9' title='bbox 1556 468 1691 527; x_wconf 83' lang='lat' dir='ltr'>quae</span> <span class='ocrx_word' id='word_1_10' title='bbox 1719 450 1909 511; x_wconf 84' lang='lat' dir='ltr'>credit</span> 
     </span>
     <span class='ocr_line' id='line_1_3' title="bbox 159 527 1912 678; baseline -0.001 -84"><span class='ocrx_word' id='word_1_11' title='bbox 159 542 409 678; x_wconf 58' lang='lat' dir='ltr'>mu</span> <span class='ocrx_word' id='word_1_12' title='bbox 494 543 632 625; x_wconf 75' lang='lat' dir='ltr'>ratis</span> <span class='ocrx_word' id='word_1_13' title='bbox 674 541 898 593; x_wconf 76' lang='lat' dir='ltr'>remitti</span> <span class='ocrx_word' id='word_1_14' title='bbox 942 539 1188 612; x_wconf 88' lang='lat' dir='ltr'>propter</span> <span class='ocrx_word' id='word_1_15' title='bbox 1227 527 1562 589; x_wconf 79' lang='lat' dir='ltr'>Christum.</span> <span class='ocrx_word' id='word_1_16' title='bbox 1646 530 1732 588; x_wconf 87' lang='lat' dir='ltr'>At</span> <span class='ocrx_word' id='word_1_17' title='bbox 1779 531 1912 592; x_wconf 82' lang='lat' dir='ltr'>haeo</span> 
     </span>
    </p>

    <p class='ocr_par' dir='ltr' id='par_1_3' title="bbox 160 609 1909 944">
     <span class='ocr_line' id='line_1_4' title="bbox 355 609 1908 697; baseline -0.003 -21"><span class='ocrx_word' id='word_1_18' title='bbox 355 636 432 675; x_wconf 90' lang='lat' dir='ltr'>na</span> <span class='ocrx_word' id='word_1_19' title='bbox 512 614 631 675; x_wconf 76' lang='lat' dir='ltr'>auli</span> <span class='ocrx_word' id='word_1_20' title='bbox 659 634 813 697; x_wconf 87' lang='lat' dir='ltr'>pene</span> <span class='ocrx_word' id='word_1_21' title='bbox 841 623 968 673; x_wconf 90' lang='lat' dir='ltr'>tota</span> <span class='ocrx_word' id='word_1_22' title='bbox 995 632 1279 694; x_wconf 86' lang='lat' dir='ltr'>oppressa</span> <span class='ocrx_word' id='word_1_23' title='bbox 1301 621 1391 671; x_wconf 90' lang='lat' dir='ltr'>est</span> <span class='ocrx_word' id='word_1_24' title='bbox 1414 632 1522 693; x_wconf 90' lang='lat' dir='ltr'>per</span> <span class='ocrx_word' id='word_1_25' title='bbox 1540 609 1908 685; x_wconf 69' lang='lat' dir='ltr'>traditiones,</span> 
     </span>
     <span class='ocr_line' id='line_1_5' title="bbox 161 692 1909 793; baseline -0.003 -33"><span class='ocrx_word' id='word_1_26' title='bbox 161 718 298 793; x_wconf 42' lang='lat' dir='ltr'>q-uae</span> <span class='ocrx_word' id='word_1_27' title='bbox 351 694 1133 790; x_wconf 36' lang='lat' dir='ltr'>pepererunt-opinionem,</span> <span class='ocrx_word' id='word_1_28' title='bbox 1182 692 1343 775; x_wconf 92' lang='lat' dir='ltr'>quod</span> <span class='ocrx_word' id='word_1_29' title='bbox 1402 714 1508 776; x_wconf 92' lang='lat' dir='ltr'>per</span> <span class='ocrx_word' id='word_1_30' title='bbox 1562 692 1909 787; x_wconf 77' lang='lat' dir='ltr'>discrimina</span> 
     </span>
     <span class='ocr_line' id='line_1_6' title="bbox 160 778 1908 944; baseline -0.004 -18"><span class='ocrx_word' id='word_1_31' title='bbox 160 781 568 944; x_wconf 49' lang='lat'>323535222.</span> <span class='ocrx_word' id='word_1_32' title='bbox 586 778 1908 943; x_wconf 51' lang='lat' dir='ltr'>⁸¹ssa¹²30513¹1¹t22⁸21Pssfffzssffssssflffiss‘ssffffl</span> 
     </span>
    </p>
   </div>
   <div class='ocr_carea' id='block_1_3' title="bbox 11 941 1909 1034">
    <p class='ocr_par' dir='ltr' id='par_1_4' title="bbox 11 941 1909 1034">
     <span class='ocr_line' id='line_1_7' title="bbox 11 941 1909 1034; baseline -0.003 -26"><span class='ocrx_word' id='word_1_33' title='bbox 11 951 13 954; x_wconf 79' lang='grc'><strong>’</strong></span> <span class='ocrx_word' id='word_1_34' title='bbox 106 1024 109 1027; x_wconf 17' lang='grc' dir='ltr'>ι</span> <span class='ocrx_word' id='word_1_35' title='bbox 160 944 302 1022; x_wconf 79' lang='lat' dir='ltr'>fide,</span> <span class='ocrx_word' id='word_1_36' title='bbox 328 956 565 1007; x_wconf 88' lang='lat' dir='ltr'>tantum</span> <span class='ocrx_word' id='word_1_37' title='bbox 598 943 729 1005; x_wconf 80' lang='lat' dir='ltr'>haec</span> <span class='ocrx_word' id='word_1_38' title='bbox 757 965 940 1026; x_wconf 89' lang='lat' dir='ltr'>opera</span> <span class='ocrx_word' id='word_1_39' title='bbox 974 941 1364 1003; x_wconf 78' lang='lat' dir='ltr'>satisfactoria</span> <span class='ocrx_word' id='word_1_40' title='bbox 1401 942 1909 1034; x_wconf 77' lang='lat' dir='ltr'>proponebantur,</span> 
     </span>
    </p>
   </div>
   <div class='ocr_carea' id='block_1_4' title="bbox 159 1025 1911 1683">
    <p class='ocr_par' dir='ltr' id='par_1_5' title="bbox 159 1025 1911 1683">
     <span class='ocr_line' id='line_1_8' title="bbox 161 1025 1603 1109; baseline -0.006 -18"><span class='ocrx_word' id='word_1_41' title='bbox 161 1028 225 1091; x_wconf 86' lang='lat' dir='ltr'>in</span> <span class='ocrx_word' id='word_1_42' title='bbox 254 1028 348 1090; x_wconf 87' lang='lat' dir='ltr'>bis</span> <span class='ocrx_word' id='word_1_43' title='bbox 374 1026 690 1089; x_wconf 84' lang='lat' dir='ltr'>videbatur</span> <span class='ocrx_word' id='word_1_44' title='bbox 718 1025 1077 1109; x_wconf 86' lang='lat' dir='ltr'>poenitentia</span> <span class='ocrx_word' id='word_1_45' title='bbox 1105 1036 1231 1085; x_wconf 89' lang='lat' dir='ltr'>tota</span> <span class='ocrx_word' id='word_1_46' title='bbox 1261 1035 1603 1084; x_wconf 75' lang='lat' dir='ltr'>consistere.</span> 
     </span>
     <span class='ocr_line' id='line_1_9' title="bbox 242 1107 1910 1191; baseline -0.003 -18"><span class='ocrx_word' id='word_1_47' title='bbox 242 1109 526 1173; x_wconf 88' lang='lat' dir='ltr'>Secundo</span> <span class='ocrx_word' id='word_1_48' title='bbox 568 1110 664 1170; x_wconf 80' lang='lat' dir='ltr'>hae</span> <span class='ocrx_word' id='word_1_49' title='bbox 704 1107 1053 1170; x_wconf 78' lang='lat' dir='ltr'>traditiones</span> <span class='ocrx_word' id='word_1_50' title='bbox 1096 1109 1565 1167; x_wconf 87' lang='lat' dir='ltr'>obscuraverunt</span> <span class='ocrx_word' id='word_1_51' title='bbox 1613 1119 1910 1191; x_wconf 84' lang='lat' dir='ltr'>praecepta</span> 
     </span>
     <span class='ocr_line' id='line_1_10' title="bbox 159 1191 1908 1276; baseline -0.004 -19"><span class='ocrx_word' id='word_1_52' title='bbox 159 1192 303 1270; x_wconf 77' lang='lat' dir='ltr'>Dei,</span> <span class='ocrx_word' id='word_1_53' title='bbox 328 1194 472 1276; x_wconf 91' lang='lat' dir='ltr'>quia</span> <span class='ocrx_word' id='word_1_54' title='bbox 507 1192 858 1254; x_wconf 85' lang='lat' dir='ltr'>traditiones</span> <span class='ocrx_word' id='word_1_55' title='bbox 886 1192 1066 1273; x_wconf 87' lang='lat' dir='ltr'>longe</span> <span class='ocrx_word' id='word_1_56' title='bbox 1095 1191 1562 1273; x_wconf 80' lang='lat' dir='ltr'>praeferebantur</span> <span class='ocrx_word' id='word_1_57' title='bbox 1595 1191 1908 1273; x_wconf 83' lang='lat' dir='ltr'>praeceptis</span> 
     </span>
     <span class='ocr_line' id='line_1_11' title="bbox 162 1274 1911 1367; baseline -0.004 -27"><span class='ocrx_word' id='word_1_58' title='bbox 162 1275 319 1340; x_wconf 77' lang='lat' dir='ltr'>Dei:</span> <span class='ocrx_word' id='word_1_59' title='bbox 359 1274 860 1338; x_wconf 78' lang='lat' dir='ltr'>christianismus</span> <span class='ocrx_word' id='word_1_60' title='bbox 889 1286 1052 1335; x_wconf 88' lang='lat' dir='ltr'>totus</span> <span class='ocrx_word' id='word_1_61' title='bbox 1078 1274 1406 1367; x_wconf 88' lang='lat' dir='ltr'>putabatur</span> <span class='ocrx_word' id='word_1_62' title='bbox 1424 1294 1553 1333; x_wconf 88' lang='lat' dir='ltr'>esse</span> <span class='ocrx_word' id='word_1_63' title='bbox 1574 1274 1911 1333; x_wconf 89' lang='lat' dir='ltr'>observatio</span> 
     </span>
     <span class='ocr_line' id='line_1_12' title="bbox 163 1356 1911 1437; baseline -0.003 -15"><span class='ocrx_word' id='word_1_64' title='bbox 163 1371 459 1422; x_wconf 84' lang='lat' dir='ltr'>certarum</span> <span class='ocrx_word' id='word_1_65' title='bbox 487 1358 788 1432; x_wconf 87' lang='lat' dir='ltr'>feriarum,</span> <span class='ocrx_word' id='word_1_66' title='bbox 807 1357 1054 1430; x_wconf 90' lang='lat' dir='ltr'>rituum,</span> <span class='ocrx_word' id='word_1_67' title='bbox 1065 1356 1456 1437; x_wconf 73' lang='lat' dir='ltr'>jejuniorum,</span> <span class='ocrx_word' id='word_1_68' title='bbox 1475 1356 1743 1417; x_wconf 86' lang='lat' dir='ltr'>vestitus.</span> <span class='ocrx_word' id='word_1_69' title='bbox 1790 1356 1911 1417; x_wconf 78' lang='lat' dir='ltr'>Hae</span> 
     </span>
     <span class='ocr_line' id='line_1_13' title="bbox 163 1438 1910 1523; baseline -0.003 -18"><span class='ocrx_word' id='word_1_70' title='bbox 163 1441 608 1504; x_wconf 77' lang='lat' dir='ltr'>observationes</span> <span class='ocrx_word' id='word_1_71' title='bbox 654 1452 823 1501; x_wconf 87' lang='lat' dir='ltr'>erant</span> <span class='ocrx_word' id='word_1_72' title='bbox 867 1439 929 1500; x_wconf 92' lang='lat' dir='ltr'>in</span> <span class='ocrx_word' id='word_1_73' title='bbox 976 1438 1347 1523; x_wconf 81' lang='lat' dir='ltr'>possessione</span> <span class='ocrx_word' id='word_1_74' title='bbox 1388 1438 1790 1500; x_wconf 85' lang='lat' dir='ltr'>honestissimi</span> <span class='ocrx_word' id='word_1_75' title='bbox 1835 1439 1910 1499; x_wconf 92' lang='lat' dir='ltr'>ti-</span> 
     </span>
     <span class='ocr_line' id='line_1_14' title="bbox 163 1521 1909 1607; baseline -0.004 -20"><span class='ocrx_word' id='word_1_76' title='bbox 163 1524 301 1600; x_wconf 81' lang='lat' dir='ltr'>tuli,</span> <span class='ocrx_word' id='word_1_77' title='bbox 341 1523 506 1607; x_wconf 89' lang='lat' dir='ltr'>quod</span> <span class='ocrx_word' id='word_1_78' title='bbox 562 1536 763 1584; x_wconf 83' lang='lat' dir='ltr'>essent</span> <span class='ocrx_word' id='word_1_79' title='bbox 805 1524 927 1587; x_wconf 86' lang='lat' dir='ltr'>vita</span> <span class='ocrx_word' id='word_1_80' title='bbox 977 1521 1301 1605; x_wconf 88' lang='lat' dir='ltr'>spiritualis</span> <span class='ocrx_word' id='word_1_81' title='bbox 1349 1533 1411 1582; x_wconf 90' lang='lat' dir='ltr'>et</span> <span class='ocrx_word' id='word_1_82' title='bbox 1455 1521 1578 1582; x_wconf 87' lang='lat' dir='ltr'>vita</span> <span class='ocrx_word' id='word_1_83' title='bbox 1705 1521 1909 1582; x_wconf 87' lang='lat' dir='ltr'>rfecta.</span> 
     </span>
     <span class='ocr_line' id='line_1_15' title="bbox 163 1603 1911 1683; baseline -0.003 -15"><span class='ocrx_word' id='word_1_84' title='bbox 163 1605 417 1668; x_wconf 81' lang='lat' dir='ltr'>Interim</span> <span class='ocrx_word' id='word_1_85' title='bbox 448 1604 734 1666; x_wconf 86' lang='lat' dir='ltr'>mandata</span> <span class='ocrx_word' id='word_1_86' title='bbox 759 1604 878 1665; x_wconf 93' lang='lat' dir='ltr'>Dei</span> <span class='ocrx_word' id='word_1_87' title='bbox 898 1603 1079 1683; x_wconf 84' lang='lat' dir='ltr'>juxta</span> <span class='ocrx_word' id='word_1_88' title='bbox 1105 1604 1482 1664; x_wconf 84' lang='lat' dir='ltr'>vocationem</span> <span class='ocrx_word' id='word_1_89' title='bbox 1524 1604 1629 1663; x_wconf 90' lang='lat' dir='ltr'>nul</span> <span class='ocrx_word' id='word_1_90' title='bbox 1654 1624 1750 1662; x_wconf 90' lang='lat' dir='ltr'>am</span> <span class='ocrx_word' id='word_1_91' title='bbox 1783 1604 1911 1663; x_wconf 91' lang='lat' dir='ltr'>lau-</span> 
     </span>
    </p>
   </div>
   <div class='ocr_carea' id='block_1_5' title="bbox 161 1684 1910 1767">
    <p class='ocr_par' dir='ltr' id='par_1_6' title="bbox 161 1684 1910 1767">
     <span class='ocr_line' id='line_1_16' title="bbox 161 1684 1910 1767; baseline -0.004 -16"><span class='ocrx_word' id='word_1_92' title='bbox 161 1687 303 1751; x_wconf 82' lang='lat' dir='ltr'>dem</span> <span class='ocrx_word' id='word_1_93' title='bbox 353 1687 679 1759; x_wconf 86' lang='lat' dir='ltr'>habebant,</span> <span class='ocrx_word' id='word_1_94' title='bbox 716 1686 877 1767; x_wconf 92' lang='lat' dir='ltr'>quod</span> <span class='ocrx_word' id='word_1_95' title='bbox 922 1685 1349 1767; x_wconf 81' lang='lat' dir='ltr'>paterfamilias</span> <span class='ocrx_word' id='word_1_96' title='bbox 1393 1684 1689 1745; x_wconf 88' lang='lat' dir='ltr'>educabat</span> <span class='ocrx_word' id='word_1_97' title='bbox 1733 1686 1910 1745; x_wconf 89' lang='lat' dir='ltr'>sobo-</span> 
     </span>
    </p>
   </div>
   <div class='ocr_carea' id='block_1_6' title="bbox 0 1766 1911 1852">
    <p class='ocr_par' dir='ltr' id='par_1_7' title="bbox 0 1766 1911 1852">
     <span class='ocr_line' id='line_1_17' title="bbox 0 1766 1911 1852; baseline -0.005 -16"><span class='ocrx_word' id='word_1_98' title='bbox 0 1834 5 1843; x_wconf 81' lang='grc'><strong>,</strong></span> <span class='ocrx_word' id='word_1_99' title='bbox 103 1843 106 1845; x_wconf 51' lang='grc'><em>,</em></span> <span class='ocrx_word' id='word_1_100' title='bbox 161 1770 305 1847; x_wconf 80' lang='lat' dir='ltr'>lem,</span> <span class='ocrx_word' id='word_1_101' title='bbox 346 1769 510 1852; x_wconf 88' lang='lat' dir='ltr'>quod</span> <span class='ocrx_word' id='word_1_102' title='bbox 559 1780 754 1830; x_wconf 86' lang='lat' dir='ltr'>mater</span> <span class='ocrx_word' id='word_1_103' title='bbox 797 1767 1086 1850; x_wconf 88' lang='lat' dir='ltr'>pariebat,</span> <span class='ocrx_word' id='word_1_104' title='bbox 1127 1766 1292 1848; x_wconf 91' lang='lat' dir='ltr'>quod</span> <span class='ocrx_word' id='word_1_105' title='bbox 1339 1767 1618 1849; x_wconf 87' lang='lat' dir='ltr'>princeps</span> <span class='ocrx_word' id='word_1_106' title='bbox 1665 1769 1911 1849; x_wconf 78' lang='lat' dir='ltr'>regebat</span> 
     </span>
    </p>
   </div>
   <div class='ocr_carea' id='block_1_7' title="bbox 0 3234 43 3798">
    <p class='ocr_par' dir='ltr' id='par_1_8' title="bbox 0 3234 43 3798">
     <span class='ocr_line' id='line_1_18' title="bbox 7 3234 27 3290; baseline 0 0"><span class='ocrx_word' id='word_1_107' title='bbox 7 3234 27 3290; x_wconf 49' lang='grc' dir='ltr'>ἦ</span> 
     </span>
     <span class='ocr_line' id='line_1_19' title="bbox 11 3343 36 3396; baseline 0 0"><span class='ocrx_word' id='word_1_108' title='bbox 11 3343 36 3396; x_wconf 58' lang='grc' dir='ltr'>’ἐν</span> 
     </span>
     <span class='ocr_line' id='line_1_20' title="bbox 0 3446 43 3798; baseline 0 0"><span class='ocrx_word' id='word_1_109' title='bbox 0 3446 43 3798; x_wconf 63' lang='grc' dir='ltr'>ξ</span> 
     </span>
    </p>
   </div>
   <div class='ocr_carea' id='block_1_8' title="bbox 157 1849 1940 3670">
    <p class='ocr_par' dir='ltr' id='par_1_9' title="bbox 162 1849 1920 2495">
     <span class='ocr_line' id='line_1_21' title="bbox 162 1849 1911 1937; baseline -0.003 -21"><span class='ocrx_word' id='word_1_110' title='bbox 162 1853 621 1937; x_wconf 83' lang='lat' dir='ltr'>rempublicam,</span> <span class='ocrx_word' id='word_1_111' title='bbox 650 1852 781 1912; x_wconf 86' lang='lat' dir='ltr'>haec</span> <span class='ocrx_word' id='word_1_112' title='bbox 815 1851 1185 1932; x_wconf 85' lang='lat' dir='ltr'>putabantur</span> <span class='ocrx_word' id='word_1_113' title='bbox 1220 1872 1348 1910; x_wconf 89' lang='lat' dir='ltr'>esse</span> <span class='ocrx_word' id='word_1_114' title='bbox 1386 1873 1567 1932; x_wconf 88' lang='lat' dir='ltr'>opera</span> <span class='ocrx_word' id='word_1_115' title='bbox 1606 1849 1911 1911; x_wconf 88' lang='lat' dir='ltr'>mundana</span> 
     </span>
     <span class='ocr_line' id='line_1_22' title="bbox 162 1932 1911 2031; baseline -0.003 -33"><span class='ocrx_word' id='word_1_116' title='bbox 162 1947 226 1999; x_wconf 81' lang='lat' dir='ltr'>et</span> <span class='ocrx_word' id='word_1_117' title='bbox 263 1936 634 2031; x_wconf 84' lang='lat' dir='ltr'>imperfecta,</span> <span class='ocrx_word' id='word_1_118' title='bbox 663 1947 726 1996; x_wconf 90' lang='lat' dir='ltr'>et</span> <span class='ocrx_word' id='word_1_119' title='bbox 762 1935 940 2014; x_wconf 86' lang='lat' dir='ltr'>longe</span> <span class='ocrx_word' id='word_1_120' title='bbox 978 1933 1269 1994; x_wconf 86' lang='lat' dir='ltr'>deteriora</span> <span class='ocrx_word' id='word_1_121' title='bbox 1297 1932 1416 1993; x_wconf 90' lang='lat' dir='ltr'>illis</span> <span class='ocrx_word' id='word_1_122' title='bbox 1445 1932 1773 2016; x_wconf 89' lang='lat' dir='ltr'>splendidis</span> <span class='ocrx_word' id='word_1_123' title='bbox 1802 1934 1911 1993; x_wconf 92' lang='lat' dir='ltr'>ob-</span> 
     </span>
     <span class='ocr_line' id='line_1_23' title="bbox 164 2015 1910 2098; baseline -0.003 -17"><span class='ocrx_word' id='word_1_124' title='bbox 164 2019 617 2081; x_wconf 72' lang='lat' dir='ltr'>servationibus.</span> <span class='ocrx_word' id='word_1_125' title='bbox 702 2016 787 2077; x_wconf 92' lang='lat' dir='ltr'>Et</span> <span class='ocrx_word' id='word_1_126' title='bbox 842 2016 944 2076; x_wconf 83' lang='lat' dir='ltr'>bic</span> <span class='ocrx_word' id='word_1_127' title='bbox 998 2038 1159 2076; x_wconf 89' lang='lat' dir='ltr'>error</span> <span class='ocrx_word' id='word_1_128' title='bbox 1212 2015 1384 2076; x_wconf 86' lang='lat' dir='ltr'>valde</span> <span class='ocrx_word' id='word_1_129' title='bbox 1440 2015 1728 2076; x_wconf 88' lang='lat' dir='ltr'>cruciavit</span> <span class='ocrx_word' id='word_1_130' title='bbox 1781 2017 1910 2098; x_wconf 85' lang='lat' dir='ltr'>pias</span> 
     </span>
     <span class='ocr_line' id='line_1_24' title="bbox 163 2097 1909 2182; baseline -0.003 -18"><span class='ocrx_word' id='word_1_131' title='bbox 163 2101 579 2175; x_wconf 82' lang='lat' dir='ltr'>conscientias,</span> <span class='ocrx_word' id='word_1_132' title='bbox 606 2122 740 2182; x_wconf 87' lang='lat' dir='ltr'>quae</span> <span class='ocrx_word' id='word_1_133' title='bbox 769 2098 1056 2159; x_wconf 86' lang='lat' dir='ltr'>dolebant</span> <span class='ocrx_word' id='word_1_134' title='bbox 1084 2121 1147 2158; x_wconf 89' lang='lat' dir='ltr'>se</span> <span class='ocrx_word' id='word_1_135' title='bbox 1176 2098 1363 2158; x_wconf 91' lang='lat' dir='ltr'>teneri</span> <span class='ocrx_word' id='word_1_136' title='bbox 1392 2097 1745 2181; x_wconf 88' lang='lat' dir='ltr'>imperfecto</span> <span class='ocrx_word' id='word_1_137' title='bbox 1774 2100 1909 2159; x_wconf 84' lang='lat' dir='ltr'>vitae</span> 
     </span>
     <span class='ocr_line' id='line_1_25' title="bbox 165 2181 1920 2267; baseline -0.002 -21"><span class='ocrx_word' id='word_1_138' title='bbox 165 2205 402 2267; x_wconf 84' lang='lat' dir='ltr'>genere,</span> <span class='ocrx_word' id='word_1_139' title='bbox 428 2183 493 2244; x_wconf 92' lang='lat' dir='ltr'>in</span> <span class='ocrx_word' id='word_1_140' title='bbox 522 2182 826 2264; x_wconf 86' lang='lat' dir='ltr'>conjugio,</span> <span class='ocrx_word' id='word_1_141' title='bbox 855 2182 917 2241; x_wconf 87' lang='lat' dir='ltr'>in</span> <span class='ocrx_word' id='word_1_142' title='bbox 954 2181 1420 2263; x_wconf 65' lang='lat' dir='ltr'>magistratibus»,</span> <span class='ocrx_word' id='word_1_143' title='bbox 1450 2192 1554 2241; x_wconf 92' lang='lat' dir='ltr'>aut</span> <span class='ocrx_word' id='word_1_144' title='bbox 1582 2181 1711 2241; x_wconf 88' lang='lat' dir='ltr'>aliis</span> <span class='ocrx_word' id='word_1_145' title='bbox 1738 2182 1920 2249; x_wconf 50' lang='lat' dir='ltr'>func-,</span> 
     </span>
     <span class='ocr_line' id='line_1_26' title="bbox 164 2263 1908 2339; baseline -0.003 -10"><span class='ocrx_word' id='word_1_146' title='bbox 164 2266 431 2329; x_wconf 84' lang='lat' dir='ltr'>tionibus</span> <span class='ocrx_word' id='word_1_147' title='bbox 472 2266 769 2339; x_wconf 86' lang='lat' dir='ltr'>civilibus,</span> <span class='ocrx_word' id='word_1_148' title='bbox 798 2265 1171 2325; x_wconf 84' lang='lat' dir='ltr'>mirabantur</span> <span class='ocrx_word' id='word_1_149' title='bbox 1208 2264 1535 2324; x_wconf 86' lang='lat' dir='ltr'>monachos</span> <span class='ocrx_word' id='word_1_150' title='bbox 1572 2275 1636 2324; x_wconf 90' lang='lat' dir='ltr'>et</span> <span class='ocrx_word' id='word_1_151' title='bbox 1663 2263 1908 2337; x_wconf 77' lang='lat' dir='ltr'>simileS,</span> 
     </span>
     <span class='ocr_line' id='line_1_27' title="bbox 163 2346 1910 2432; baseline -0.003 -20"><span class='ocrx_word' id='word_1_152' title='bbox 163 2364 227 2412; x_wconf 83' lang='lat' dir='ltr'>et</span> <span class='ocrx_word' id='word_1_153' title='bbox 274 2349 428 2411; x_wconf 76' lang='lat' dir='ltr'>falso</span> <span class='ocrx_word' id='word_1_154' title='bbox 475 2348 773 2432; x_wconf 84' lang='lat' dir='ltr'>putabant</span> <span class='ocrx_word' id='word_1_155' title='bbox 819 2347 1059 2407; x_wconf 91' lang='lat' dir='ltr'>illorum</span> <span class='ocrx_word' id='word_1_156' title='bbox 1109 2346 1553 2407; x_wconf 86' lang='lat' dir='ltr'>observationes</span> <span class='ocrx_word' id='word_1_157' title='bbox 1590 2346 1729 2407; x_wconf 93' lang='lat' dir='ltr'>Deo</span> <span class='ocrx_word' id='word_1_158' title='bbox 1778 2368 1910 2430; x_wconf 89' lang='lat' dir='ltr'>gra-</span> 
     </span>
     <span class='ocr_line' id='line_1_28' title="bbox 162 2432 519 2495; baseline -0.008 0"><span class='ocrx_word' id='word_1_159' title='bbox 162 2432 345 2495; x_wconf 80' lang='lat' dir='ltr'>tiores</span> <span class='ocrx_word' id='word_1_160' title='bbox 370 2453 519 2493; x_wconf 88' lang='lat' dir='ltr'>esse.</span> 
     </span>
    </p>

    <p class='ocr_par' dir='ltr' id='par_1_10' title="bbox 163 2511 1913 3175">
     <span class='ocr_line' id='line_1_29' title="bbox 243 2511 1913 2595; baseline -0.003 -19"><span class='ocrx_word' id='word_1_161' title='bbox 243 2514 471 2589; x_wconf 78' lang='lat' dir='ltr'>Tertio,</span> <span class='ocrx_word' id='word_1_162' title='bbox 498 2512 848 2575; x_wconf 87' lang='lat' dir='ltr'>traditiones</span> <span class='ocrx_word' id='word_1_163' title='bbox 878 2512 1208 2574; x_wconf 89' lang='lat' dir='ltr'>attulerunt</span> <span class='ocrx_word' id='word_1_164' title='bbox 1237 2533 1457 2592; x_wconf 85' lang='lat' dir='ltr'>magna</span> <span class='ocrx_word' id='word_1_165' title='bbox 1483 2511 1748 2595; x_wconf 88' lang='lat' dir='ltr'>pericula</span> <span class='ocrx_word' id='word_1_166' title='bbox 1771 2534 1913 2572; x_wconf 89' lang='lat' dir='ltr'>con-</span> 
     </span>
     <span class='ocr_line' id='line_1_30' title="bbox 163 2594 1913 2680; baseline -0.004 -19"><span class='ocrx_word' id='word_1_167' title='bbox 163 2597 449 2671; x_wconf 81' lang='lat' dir='ltr'>scientiis,</span> <span class='ocrx_word' id='word_1_168' title='bbox 476 2597 619 2679; x_wconf 90' lang='lat' dir='ltr'>quia</span> <span class='ocrx_word' id='word_1_169' title='bbox 642 2596 1013 2680; x_wconf 88' lang='lat' dir='ltr'>impossibile</span> <span class='ocrx_word' id='word_1_170' title='bbox 1039 2605 1166 2655; x_wconf 90' lang='lat' dir='ltr'>erat</span> <span class='ocrx_word' id='word_1_171' title='bbox 1186 2616 1398 2655; x_wconf 91' lang='lat' dir='ltr'>omnes</span> <span class='ocrx_word' id='word_1_172' title='bbox 1418 2594 1769 2655; x_wconf 88' lang='lat' dir='ltr'>traditiones</span> <span class='ocrx_word' id='word_1_173' title='bbox 1791 2617 1913 2655; x_wconf 87' lang='lat' dir='ltr'>ser-</span> 
     </span>
     <span class='ocr_line' id='line_1_31' title="bbox 164 2677 1913 2754; baseline -0.003 -11"><span class='ocrx_word' id='word_1_174' title='bbox 164 2702 324 2754; x_wconf 76' lang='lat' dir='ltr'>vare,</span> <span class='ocrx_word' id='word_1_175' title='bbox 349 2691 413 2742; x_wconf 85' lang='lat' dir='ltr'>et</span> <span class='ocrx_word' id='word_1_176' title='bbox 451 2691 655 2741; x_wconf 90' lang='lat' dir='ltr'>tamen</span> <span class='ocrx_word' id='word_1_177' title='bbox 701 2680 978 2740; x_wconf 89' lang='lat' dir='ltr'>homines</span> <span class='ocrx_word' id='word_1_178' title='bbox 1021 2678 1460 2739; x_wconf 87' lang='lat' dir='ltr'>arbitrabantur</span> <span class='ocrx_word' id='word_1_179' title='bbox 1499 2677 1607 2738; x_wconf 87' lang='lat' dir='ltr'>has</span> <span class='ocrx_word' id='word_1_180' title='bbox 1636 2679 1913 2738; x_wconf 88' lang='lat' dir='ltr'>observa-</span> 
     </span>
     <span class='ocr_line' id='line_1_32' title="bbox 165 2760 1913 2830; baseline -0.003 -5"><span class='ocrx_word' id='word_1_181' title='bbox 165 2763 361 2825; x_wconf 82' lang='lat' dir='ltr'>tiones</span> <span class='ocrx_word' id='word_1_182' title='bbox 386 2763 747 2824; x_wconf 86' lang='lat' dir='ltr'>necessarios</span> <span class='ocrx_word' id='word_1_183' title='bbox 774 2784 903 2823; x_wconf 85' lang='lat' dir='ltr'>esse</span> <span class='ocrx_word' id='word_1_184' title='bbox 929 2762 1152 2823; x_wconf 91' lang='lat' dir='ltr'>cultus.</span> <span class='ocrx_word' id='word_1_185' title='bbox 1228 2761 1462 2823; x_wconf 90' lang='lat' dir='ltr'>Gerson</span> <span class='ocrx_word' id='word_1_186' title='bbox 1490 2760 1713 2830; x_wconf 87' lang='lat' dir='ltr'>scribit,</span> <span class='ocrx_word' id='word_1_187' title='bbox 1745 2760 1913 2820; x_wconf 88' lang='lat' dir='ltr'>Mul-</span> 
     </span>
     <span class='ocr_line' id='line_1_33' title="bbox 166 2842 1910 2929; baseline -0.003 -22"><span class='ocrx_word' id='word_1_188' title='bbox 166 2856 262 2907; x_wconf 77' lang='lat' dir='ltr'>tos</span> <span class='ocrx_word' id='word_1_189' title='bbox 299 2844 578 2907; x_wconf 84' lang='lat' dir='ltr'>incidisse</span> <span class='ocrx_word' id='word_1_190' title='bbox 613 2846 678 2906; x_wconf 91' lang='lat' dir='ltr'>in</span> <span class='ocrx_word' id='word_1_191' title='bbox 714 2844 1214 2929; x_wconf 87' lang='lat' dir='ltr'>desperationem,</span> <span class='ocrx_word' id='word_1_192' title='bbox 1243 2843 1538 2924; x_wconf 90' lang='lat' dir='ltr'>quosdam</span> <span class='ocrx_word' id='word_1_193' title='bbox 1577 2843 1757 2903; x_wconf 86' lang='lat' dir='ltr'>etiam</span> <span class='ocrx_word' id='word_1_194' title='bbox 1797 2842 1910 2902; x_wconf 90' lang='lat' dir='ltr'>sibi</span> 
     </span>
     <span class='ocr_line' id='line_1_34' title="bbox 167 2927 1913 3009; baseline -0.003 -20"><span class='ocrx_word' id='word_1_195' title='bbox 167 2939 426 2989; x_wconf 85' lang='lat' dir='ltr'>mortem</span> <span class='ocrx_word' id='word_1_196' title='bbox 455 2927 829 3002; x_wconf 84' lang='lat' dir='ltr'>conscivisse,</span> <span class='ocrx_word' id='word_1_197' title='bbox 856 2928 999 3009; x_wconf 90' lang='lat' dir='ltr'>quia</span> <span class='ocrx_word' id='word_1_198' title='bbox 1027 2937 1351 3000; x_wconf 89' lang='lat' dir='ltr'>senserant,</span> <span class='ocrx_word' id='word_1_199' title='bbox 1373 2948 1435 2985; x_wconf 85' lang='lat' dir='ltr'>se</span> <span class='ocrx_word' id='word_1_200' title='bbox 1466 2947 1586 2992; x_wconf 87' lang='lat' dir='ltr'>non</span> <span class='ocrx_word' id='word_1_201' title='bbox 1618 2946 1792 3007; x_wconf 90' lang='lat' dir='ltr'>posse</span> <span class='ocrx_word' id='word_1_202' title='bbox 1820 2947 1913 2984; x_wconf 90' lang='lat' dir='ltr'>sa-</span> 
     </span>
     <span class='ocr_line' id='line_1_35' title="bbox 166 3006 1913 3085; baseline -0.003 -13"><span class='ocrx_word' id='word_1_203' title='bbox 166 3009 443 3072; x_wconf 81' lang='lat' dir='ltr'>tisfacere</span> <span class='ocrx_word' id='word_1_204' title='bbox 468 3009 907 3085; x_wconf 84' lang='lat' dir='ltr'>traditionibus,</span> <span class='ocrx_word' id='word_1_205' title='bbox 926 3021 989 3071; x_wconf 93' lang='lat' dir='ltr'>et</span> <span class='ocrx_word' id='word_1_206' title='bbox 1014 3010 1254 3070; x_wconf 83' lang='lat' dir='ltr'>interim</span> <span class='ocrx_word' id='word_1_207' title='bbox 1285 3007 1754 3068; x_wconf 87' lang='lat' dir='ltr'>consolationem</span> <span class='ocrx_word' id='word_1_208' title='bbox 1779 3006 1913 3067; x_wconf 90' lang='lat' dir='ltr'>nul·</span> 
     </span>
     <span class='ocr_line' id='line_1_36' title="bbox 168 3090 1590 3175; baseline -0.003 -21"><span class='ocrx_word' id='word_1_209' title='bbox 168 3093 294 3154; x_wconf 88' lang='lat' dir='ltr'>lam</span> <span class='ocrx_word' id='word_1_210' title='bbox 322 3092 399 3154; x_wconf 92' lang='lat' dir='ltr'>de</span> <span class='ocrx_word' id='word_1_211' title='bbox 415 3092 654 3173; x_wconf 85' lang='lat' dir='ltr'>justitia</span> <span class='ocrx_word' id='word_1_212' title='bbox 681 3090 835 3154; x_wconf 69' lang='lat' dir='ltr'>fide?</span> <span class='ocrx_word' id='word_1_213' title='bbox 851 3105 915 3154; x_wconf 90' lang='lat' dir='ltr'>et</span> <span class='ocrx_word' id='word_1_214' title='bbox 941 3092 1016 3154; x_wconf 89' lang='lat' dir='ltr'>de</span> <span class='ocrx_word' id='word_1_215' title='bbox 1044 3092 1234 3175; x_wconf 87' lang='lat' dir='ltr'>gratia</span> <span class='ocrx_word' id='word_1_216' title='bbox 1264 3091 1590 3152; x_wconf 89' lang='lat' dir='ltr'>audierant.</span> 
     </span>
    </p>

    <p class='ocr_par' dir='ltr' id='par_1_11' title="bbox 157 3170 1940 3670">
     <span class='ocr_line' id='line_1_37' title="bbox 250 3170 1915 3256; baseline -0.003 -20"><span class='ocrx_word' id='word_1_217' title='bbox 250 3174 545 3236; x_wconf 86' lang='lat' dir='ltr'>Videmus</span> <span class='ocrx_word' id='word_1_218' title='bbox 587 3176 934 3236; x_wconf 89' lang='lat' dir='ltr'>summistas</span> <span class='ocrx_word' id='word_1_219' title='bbox 970 3186 1032 3235; x_wconf 90' lang='lat' dir='ltr'>et</span> <span class='ocrx_word' id='word_1_220' title='bbox 1067 3175 1380 3256; x_wconf 88' lang='lat' dir='ltr'>theologos</span> <span class='ocrx_word' id='word_1_221' title='bbox 1419 3174 1699 3254; x_wconf 85' lang='lat' dir='ltr'>colligere</span> <span class='ocrx_word' id='word_1_222' title='bbox 1733 3170 1915 3232; x_wconf 87' lang='lat' dir='ltr'>tradi-</span> 
     </span>
     <span class='ocr_line' id='line_1_38' title="bbox 168 3254 1940 3339; baseline 0 -21"><span class='ocrx_word' id='word_1_223' title='bbox 168 3257 382 3329; x_wconf 86' lang='lat' dir='ltr'>tiones,</span> <span class='ocrx_word' id='word_1_224' title='bbox 419 3269 481 3318; x_wconf 93' lang='lat' dir='ltr'>et</span> <span class='ocrx_word' id='word_1_225' title='bbox 521 3279 783 3339; x_wconf 78' lang='lat' dir='ltr'>quaerere</span> <span class='ocrx_word' id='word_1_226' title='bbox 825 3257 1110 3331; x_wconf 69' lang='grc' dir='ltr'>ἐπιεικείας,</span> <span class='ocrx_word' id='word_1_227' title='bbox 1148 3269 1217 3317; x_wconf 91' lang='lat' dir='ltr'>ut</span> <span class='ocrx_word' id='word_1_228' title='bbox 1259 3257 1459 3317; x_wconf 89' lang='lat' dir='ltr'>levent</span> <span class='ocrx_word' id='word_1_229' title='bbox 1500 3254 1940 3329; x_wconf 58' lang='lat' dir='ltr'>conscientias„</span> 
     </span>
     <span class='ocr_line' id='line_1_39' title="bbox 168 3336 1913 3422; baseline -0.003 -21"><span class='ocrx_word' id='word_1_230' title='bbox 168 3362 292 3401; x_wconf 89' lang='lat' dir='ltr'>non</span> <span class='ocrx_word' id='word_1_231' title='bbox 320 3340 464 3401; x_wconf 88' lang='lat' dir='ltr'>satis</span> <span class='ocrx_word' id='word_1_232' title='bbox 493 3352 697 3400; x_wconf 88' lang='lat' dir='ltr'>tamen</span> <span class='ocrx_word' id='word_1_233' title='bbox 727 3339 1078 3422; x_wconf 84' lang='lat' dir='ltr'>expediunt,</span> <span class='ocrx_word' id='word_1_234' title='bbox 1106 3339 1210 3399; x_wconf 87' lang='lat' dir='ltr'>sed</span> <span class='ocrx_word' id='word_1_235' title='bbox 1248 3337 1552 3399; x_wconf 88' lang='lat' dir='ltr'>interdum</span> <span class='ocrx_word' id='word_1_236' title='bbox 1594 3359 1692 3397; x_wconf 84' lang='lat' dir='ltr'>ma</span> <span class='ocrx_word' id='word_1_237' title='bbox 1738 3337 1785 3396; x_wconf 84' lang='lat' dir='ltr'>&#39;s</span> <span class='ocrx_word' id='word_1_238' title='bbox 1823 3336 1913 3397; x_wconf 88' lang='lat' dir='ltr'>in-</span> 
     </span>
     <span class='ocr_line' id='line_1_40' title="bbox 157 3358 1917 3504; baseline -0.002 -20"><span class='ocrx_word' id='word_1_239' title='bbox 157 3422 385 3504; x_wconf 85' lang='lat' dir='ltr'>jiciunt</span> <span class='ocrx_word' id='word_1_240' title='bbox 425 3423 669 3504; x_wconf 87' lang='lat' dir='ltr'>laqueos</span> <span class='ocrx_word' id='word_1_241' title='bbox 711 3421 1111 3484; x_wconf 80' lang='lat' dir='ltr'>conscientiis.</span> <span class='ocrx_word' id='word_1_242' title='bbox 1193 3420 1277 3481; x_wconf 88' lang='lat' dir='ltr'>Et</span> <span class='ocrx_word' id='word_1_243' title='bbox 1318 3421 1381 3481; x_wconf 92' lang='lat' dir='ltr'>in</span> <span class='ocrx_word' id='word_1_244' title='bbox 1421 3358 1771 3502; x_wconf 49' lang='lat' dir='ltr'>colligentffs</span> <span class='ocrx_word' id='word_1_245' title='bbox 1798 3430 1917 3481; x_wconf 88' lang='lat' dir='ltr'>tra-</span> 
     </span>
     <span class='ocr_line' id='line_1_41' title="bbox 169 3502 1915 3587; baseline -0.002 -20"><span class='ocrx_word' id='word_1_246' title='bbox 169 3504 500 3568; x_wconf 84' lang='lat' dir='ltr'>ditionibus</span> <span class='ocrx_word' id='word_1_247' title='bbox 526 3506 612 3568; x_wconf 90' lang='lat' dir='ltr'>ita</span> <span class='ocrx_word' id='word_1_248' title='bbox 633 3505 878 3566; x_wconf 84' lang='lat' dir='ltr'>fuerunt</span> <span class='ocrx_word' id='word_1_249' title='bbox 896 3514 1205 3587; x_wconf 68' lang='lat' dir='ltr'>occupatae</span> <span class='ocrx_word' id='word_1_250' title='bbox 1226 3503 1466 3577; x_wconf 81' lang='lat' dir='ltr'>scholae,</span> <span class='ocrx_word' id='word_1_251' title='bbox 1485 3514 1548 3563; x_wconf 90' lang='lat' dir='ltr'>et</span> <span class='ocrx_word' id='word_1_252' title='bbox 1574 3502 1915 3573; x_wconf 85' lang='lat' dir='ltr'>conciones,</span> 
     </span>
     <span class='ocr_line' id='line_1_42' title="bbox 171 3586 1916 3670; baseline -0.002 -20"><span class='ocrx_word' id='word_1_253' title='bbox 171 3598 244 3650; x_wconf 84' lang='lat' dir='ltr'>ut</span> <span class='ocrx_word' id='word_1_254' title='bbox 287 3611 411 3651; x_wconf 89' lang='lat' dir='ltr'>non</span> <span class='ocrx_word' id='word_1_255' title='bbox 454 3588 752 3651; x_wconf 84' lang='lat' dir='ltr'>vacaverit</span> <span class='ocrx_word' id='word_1_256' title='bbox 792 3587 1084 3669; x_wconf 84' lang='lat' dir='ltr'>attingere</span> <span class='ocrx_word' id='word_1_257' title='bbox 1118 3586 1511 3670; x_wconf 84' lang='lat' dir='ltr'>Scripturam,</span> <span class='ocrx_word' id='word_1_258' title='bbox 1550 3595 1613 3647; x_wconf 89' lang='lat' dir='ltr'>et</span> <span class='ocrx_word' id='word_1_259' title='bbox 1640 3606 1916 3667; x_wconf 79' lang='lat' dir='ltr'>‚quoerere</span> 
     </span>
    </p>
   </div>
   <div class='ocr_carea' id='block_1_9' title="bbox 1680 3775 1714 3788">
    <p class='ocr_par' dir='ltr' id='par_1_12' title="bbox 1680 3775 1714 3788">
     <span class='ocr_line' id='line_1_43' title="bbox 1680 3775 1714 3788; baseline 0 -2"><span class='ocrx_word' id='word_1_260' title='bbox 1680 3775 1714 3788; x_wconf 53' lang='grc' dir='ltr'>κ’</span> 
     </span>
    </p>
   </div>
  </div>
 </body>
</html>
