2418 4172
0 3247 53 3533 ,ξ

808 373 1282 428 SAXONICA.
1806 374 1915 432 279

168 515 324 587 sicut
350 524 422 594 et,
442 514 660 575 Paulus
691 515 886 596 inquit
914 514 989 576 ad
1020 515 1220 577 Galat.
1256 512 1384 579 Qui
1418 511 1719 592 baptizati
1746 514 1910 587 estis,

172 595 487 671 Christum
516 597 818 660 induistis.
902 596 990 659 Et
1028 596 1154 659 dari
1185 595 1479 678 Spiritum
1508 592 1800 654 Sanctum
1846 597 1907 656 in

165 677 469 762 baptismo
516 678 796 742 adfirmat
843 678 917 740 ad
958 679 1187 753 Titum,
1227 700 1370 740 cum
1415 676 1535 739 ait:
1579 674 1711 737 Per
1742 675 1910 736 lava-

165 782 333 841 crum
374 762 877 845 regenerationis,
927 770 986 823 et
1026 760 1429 822 renovationis
1470 779 1582 839 per
1610 757 1909 838 Spiritum

164 842 474 907 Sanctum.
558 842 644 904 Et
686 844 749 903 in
790 844 969 903 Joan.
1013 842 1264 903 dicitur:
1308 840 1458 903 Nisa·
1493 841 1628 922 quis
1654 849 1907 902 renatus

138 923 359 1011 fierit
386 947 460 986 ex
484 946 648 1008 aqua
680 932 740 986 et
762 924 1023 1005 Spiritu,
1043 946 1162 985 non
1182 932 1383 1005 potest
1413 923 1649 984 intrare
1679 924 1742 984 in
1769 945 1910 1006 reg·

160 1030 307 1071 num
343 1006 646 1070 coelorum.
728 1006 1042 1069 Docemus
1086 1006 1285 1089 igitur,
1329 1006 1724 1068 necessarium
1777 1028 1906 1067 esse

162 1090 555 1176 baptismum,
583 1101 644 1151 et
689 1090 875 1151 semel
917 1101 1152 1151 tantum
1201 1090 1580 1183 baptizamus
1622 1089 1910 1174 singulos,

161 1173 317 1237 sicut
358 1173 737 1235 circumcisio
774 1173 958 1234 semel
1007 1184 1242 1234 tantum
1287 1195 1347 1232 in
1396 1171 1646 1254 singulis
1686 1172 1908 1232 fiebat:

161 1255 267 1319 ted
310 1254 645 1319 doctrinam
697 1255 773 1317 de
823 1256 1259 1337 significatione
1308 1267 1372 1316 et
1419 1254 1645 1316 foedere
1694 1267 1909 1316 mutuo

163 1337 543 1420 utilissimam
575 1361 732 1420 saepe
761 1360 1321 1400 commemoramus.

245 1419 603 1483 Retinemus
632 1435 693 1481 et
729 1420 1048 1482 infantium
1085 1421 1492 1503 baptismum:
1535 1419 1677 1500 quia
1705 1418 1910 1481 certis-

162 1501 385 1566 simum
427 1515 539 1577 est,
567 1502 1024 1585 promissionem
1068 1504 1271 1585 gratiae
1313 1502 1494 1563 etiam
1535 1501 1610 1563 ad
1650 1502 1908 1563 infantes

159 1585 479 1669 pertinere,
505 1598 567 1646 et
594 1584 669 1646 ad
699 1607 800 1646 eos
828 1597 1064 1647 tantum
1095 1585 1199 1665 qui
1228 1585 1516 1646 Ecclesiae
1545 1585 1903 1646 inseruntur.

160 1665 323 1746 Quia
360 1665 438 1728 de
473 1666 566 1728 his
603 1666 832 1728 dictum
869 1679 991 1728 est:
1038 1667 1238 1728 Sinite
1460 1666 1550 1728 los
1577 1667 1662 1727 ad
1685 1687 1780 1727 me
1804 1687 1906 1727 ve·

158 1749 312 1829 pin,
337 1748 485 1831 quia
512 1747 729 1810 talium
758 1756 849 1809 est
867 1770 1125 1832 regnum
1147 1770 1235 1810 coe
1293 1770 1449 1809 rum.
1506 1747 1591 1808 Et
1612 1748 1906 1830 Origenes

153 1829 364 1912 ona-ibit
405 1830 470 1892 in
506 1828 566 1892 6.
612 1853 742 1913 cap.
778 1830 854 1891 ad
891 1831 1072 1892 Rom.
1107 1830 1448 1894 Ecclesiam
1498 1831 1575 1890 ab
1622 1830 1907 1912 apostolis

154 1913 459 1997 accepisse
501 1935 732 1975 morem
763 1913 1107 1996 baptizandi
1143 1913 1419 1975 infantes.
1504 1912 1641 1974 Nec
1671 1913 1908 1993 judica-

158 2017 296 2059 mus
314 1996 477 2058 bunc
499 2018 728 2057 morem
759 2007 998 2058 tantum
1027 1997 1279 2058 otiosam
1310 1996 1727 2057 caeremoniam
1758 2018 1908 2068 esse,

158 2077 264 2150 sed
291 2100 429 2140 vere
463 2090 611 2140 tunc
648 2101 684 2139 a
725 2078 863 2139 Deo
899 2078 1084 2161 recipi
1121 2091 1183 2139 et
1219 2079 1573 2140 sanctificari
1613 2078 1906 2140 infantes:

158 2161 301 2243 quia
328 2172 474 2223 tunc
512 2161 850 2222 inseruntur
877 2160 1185 2231 Ecclesiae,
1213 2173 1276 2223 et
1305 2160 1377 2222 ad
1407 2161 1554 2222 tales
1587 2161 1907 2244 promissio

155 2242 436 2328 pertinet.
516 2242 752 2307 Extant
778 2257 979 2305 autem
1009 2243 1086 2304 de
1116 2245 1231 2307 hac
1266 2266 1330 2304 re
1372 2245 1563 2304 multa
1590 2244 1812 2327 scripta
1840 2244 1905 2304 in

156 2325 375 2420 nostris
429 2326 695 2389 eeclesiis
750 2326 931 2401 edita,
979 2326 1199 2408 quibus
1256 2325 1592 2388 refutantur
1646 2327 1908 2409 anabap-

731 2489 1337 2530 -.-...-.-.--

616 2626 758 2688 XV,
802 2627 911 2688 De
945 2627 1136 2689 Coena
1165 2626 1437 2688 Domini.

157 2726 300 2808 ΕΤ
330 2741 705 2825 Baptismus,
739 2755 801 2804 et
828 2743 1026 2806 Coena
1052 2742 1330 2818 Domini,
1369 2752 1511 2803 sunt
1553 2741 1803 2825 pignora
1845 2751 1907 2801 et

156 2824 501 2886 testimonia
527 2826 751 2907 gratiae,
779 2838 846 2888 ut
876 2839 1050 2887 antea
1088 2825 1319 2888 dictum
1361 2837 1470 2898 est,
1499 2846 1634 2906 quae
1663 2823 1739 2884 de
1768 2845 1905 2905 pro-

159 2906 443 2970 missione
468 2919 532 2968 et
564 2919 687 2969 tota
725 2908 927 2970 redem
976 2909 1138 2969 tione
1181 2931 1289 2969 nos
1330 2906 1901 2978 commonefaciunt,

159 3002 220 3051 et
261 2988 587 3050 ostendunt
625 2991 917 3052 beneficia
932 2933 1257 3073 &vangelii
1300 2991 1374 3052 ad
1413 2989 1679 3070 singulos
1722 2988 1905 3071 perti-

160 3094 321 3146 nere,
348 3071 453 3153 qui
498 3071 592 3134 his
634 3073 845 3135 ritibus
872 3085 1141 3135 utuntur.
1226 3073 1346 3135 Sed
1387 3086 1591 3135 tamen
1632 3071 1747 3131 hoc
1783 3070 1904 3148 dis-

154 3154 387 3221 crimen
424 3166 552 3215 est:
595 3177 701 3237 per
728 3156 822 3217 Ba
867 3156 1115 3219 tismum
1155 3157 1377 3239 singuli
1414 3156 1757 3216 inseruntur
1782 3151 1904 3214 Eo-

153 3237 375 3312 clesigae,
402 3235 507 3299 sed
534 3236 792 3309 Coenam
885 3239 1076 3300 omini
1118 3239 1296 3300 simul
1337 3239 1521 3299 etiam
1552 3235 1742 3296 voluit
1772 3235 1906 3297 Do-

157 3320 360 3394 minus
401 3342 531 3381 esse
572 3343 818 3383 nervum
864 3322 1123 3403 publicoe
1171 3318 1669 3414 congregationis.
1752 3317 1903 3380 Vult

150 3402 319 3471 ,enim
362 3402 534 3464 Deus
577 3404 976 3465 ministerium
1025 3403 1338 3484 Evangelii
1389 3402 1702 3485 publicum
1754 3422 1904 3476 esse,

151 3506 277 3553 non
307 3486 438 3546 vult
477 3486 541 3547 in
584 3486 826 3547 latebris
865 3497 1101 3547 tantum
1140 3486 1431 3547 inclusam
1473 3483 1658 3546 teneri
1688 3504 1900 3546 vocem

10 3556 43 3602 ³¹7
151 3565 495 3652 Evangelii,
523 3569 635 3656 sed-
669 3568 937 3631 exaudiri
980 3590 1112 3630 eam
1144 3569 1272 3630 vult
1309 3591 1343 3630 a
1380 3579 1510 3629 toto
1544 3589 1762 3650 genere
1789 3566 1902 3628 hu-

160 3670 373 3712 manot
415 3653 545 3714 vult
574 3652 905 3745 spagnosci
936 3664 998 3713 et
1027 3651 1326 3715 invocari:
1371 3650 1507 3713 ideo
1533 3650 1664 3712 vult
1703 3649 1902 3734 publi·
2012 3687 2021 3691 v

987 3753 1027 3794 Τ
1055 3748 1091 3795 4
1626 3748 1682 3785 ‘1
