2418 4172
464 334 553 389 viii
1116 332 1614 387 PRAEFATIO.

470 485 506 514 “
537 476 705 539 omni
726 477 978 549 actione,
995 487 1056 537 et
1074 476 1256 537 veluti
1280 496 1490 537 saxum
1510 485 1573 535 et
1592 486 1873 535 truncum
1892 470 2211 533 faciebant.

471 584 507 612 ‘⁴
538 572 904 645 Secundum,
917 572 978 632 in
997 570 1354 653 regeneratis
1369 591 1675 631 remanere
1692 568 2126 630 infirmitatem.

470 677 507 706 “
538 670 795 731 Proinde
831 669 1138 730 infirmum
1177 678 1268 728 est
1297 679 1564 728 nostrum
1600 664 1744 726 illud
1777 666 2032 725 liberum
2062 660 2218 723 arbi-

472 774 508 802 “
538 767 742 841 trium,
772 777 1014 849 propter
1041 763 1320 844 reliquias
1350 761 1712 823 remanentis
1750 761 1809 821 in
1840 759 2014 821 nobis
2044 757 2119 819 ad
2147 758 2219 818 fi-

474 872 511 900 “
542 885 679 924 nem
730 884 918 943 usque
965 861 1101 922 vitae
1140 871 1375 931 nostroe,
1412 859 1627 919 veteris
1672 856 1916 929 Adami,
1958 864 2218 936 agnatoe-

473 967 509 995 “
540 981 658 1039 que
687 956 1083 1039 corruptionis
1109 954 1437 1016 humanae.”
1478 954 1834 1035 Augustana
1856 949 2221 1012 MDXLF-

471 1061 506 1089 “
536 1054 637 1116 De
679 1054 866 1114 libero
903 1050 1145 1112 arbitrio
1182 1048 1422 1123 docent,
1451 1048 1614 1129 quod
1646 1048 1916 1109 bumana
1940 1046 2220 1107 voluntas

471 1154 506 1182 “
539 1146 757 1206 habeat
800 1144 1061 1224 aliquam
1103 1142 1438 1203 libertatem
1470 1140 1543 1202 ad
1573 1140 1948 1203 efficiendam
1978 1138 2217 1201 civilem

470 1251 505 1278 “
525 1241 846 1322 justitiam,
874 1251 937 1299 ct
964 1236 1297 1320 diligendas
1326 1260 1418 1298 res
1455 1237 1668 1298 rationi
1697 1236 2015 1316 subjectas.
2098 1232 2222 1296 Sed

470 1346 504 1373 “
536 1359 656 1397 non
695 1336 879 1396 habet
908 1335 1028 1395 vim
1061 1332 1195 1413 ,sine
1226 1331 1454 1413 Spiritu
1485 1332 1710 1392 Sancto
1746 1329 2075 1392 efficieudae
2090 1330 2224 1411 jus·

468 1440 503 1467 “
534 1431 680 1492 titiae
729 1428 1102 1512 spiritualis.”
1155 1429 1244 1508 (p.
1284 1425 1447 1505 176.)
1539 1426 1958 1487 Saxonica-—“
1986 1426 2062 1487 In
2111 1424 2224 1486 ho—

470 1538 505 1563 “
540 1527 702 1588 mine
745 1526 1079 1586 libertatem
1119 1522 1443 1583 voluntatis
1487 1522 1668 1582 talem
1713 1545 1862 1594 esse,
1898 1521 1973 1583 ad
2012 1543 2224 1605 regen·

471 1632 507 1659 “
536 1623 644 1684 dos
688 1632 966 1682 externos
1009 1630 1208 1679 motus
1253 1618 1684 1689 membrorum,
1713 1639 1834 1699 qua
1870 1618 2054 1679 etiam
2101 1638 2224 1679 non

471 1729 508 1757 ‘⁶
540 1718 728 1780 renati
760 1729 1067 1797 utcunque
1097 1713 1503 1797 disciplinam,
1523 1736 1659 1795 quoe
1686 1726 1780 1775 est
1807 1726 2054 1776 externa
2080 1714 2225 1775 obe-

469 1826 506 1853 ‘⁶
536 1813 762 1876 dientia
781 1812 959 1893 juxta
989 1812 1205 1893 legem,
1235 1822 1514 1892 praestare
1541 1822 1814 1892 possunt.
1886 1809 2007 1871 Sed
2037 1810 2224 1871 bomo

474 1921 508 1949 “
539 1921 921 1990 nequaquam
955 1917 1153 1988 potest
1191 1903 1254 1965 sc
1294 1905 1542 1965 liberare
1573 1927 1607 1965 a
1635 1917 1904 1988 peccato,
1933 1918 1996 1967 et
2030 1917 2226 1967 morte

474 2019 511 2044 ‘⁶
540 2019 779 2074 aeterna,
813 2002 1036 2063 viribus
1082 2001 1484 2063 naturalibus:
1529 2000 1633 2061 sed
1678 2001 1807 2062 hoec
1853 2002 2126 2063 liberatio
2163 2014 2227 2063 et

473 2114 510 2141 ‘⁴
539 2100 847 2165 conversio
879 2098 1141 2159 hominis
1170 2095 1243 2157 ad
1275 2096 1502 2170 Deum,
1529 2108 1592 2156 et
1619 2096 1852 2158 novitas
1881 2097 2226 2183 spiritualis,

474 2209 509 2234 “
542 2201 613 2259 fit
654 2219 760 2280 per
800 2194 1021 2256 Filium
1067 2193 1187 2254 Dei
1232 2192 1633 2255 vivificantem
1683 2214 1791 2253 nos
1836 2192 2066 2277 Spiritu
2116 2206 2228 2257 suo

474 2305 510 2333 “
540 2299 782 2366 Sancto,
829 2306 896 2353 ut
937 2290 1166 2352 dictum
1214 2301 1303 2350 est
1350 2289 1532 2350 Rom.
1564 2289 1684 2349 viii.
1731 2289 1804 2350 Si
1844 2291 1985 2371 quis
2026 2291 2229 2373 Spiri-

477 2403 512 2430 “
542 2403 671 2455 tum
707 2389 943 2452 Christi
975 2410 1094 2450 non
1133 2387 1329 2458 habet,
1359 2387 1458 2448 hic
1490 2409 1611 2448 non
1655 2395 1743 2449 est
1781 2387 1930 2471 ejus·
2012 2388 2098 2451 Et
2125 2411 2231 2450 vo-

474 2500 508 2528 “
541 2491 759 2558 luntas,
781 2498 1027 2567 accepto
1049 2484 1272 2567 Spiritu
1298 2483 1539 2554 Sanct0,
1557 2483 1689 2563 jam
1722 2505 1843 2544 non
1871 2495 1963 2545 est
1989 2484 2229 2548 otiosa?

482 2593 567 2670 (p.
601 2588 767 2662 259.)
862 2580 1231 2663 Belgica—‘⁶
1265 2579 1479 2660 ltaque
1517 2580 1829 2662 improbus
1874 2591 2054 2662 atque
2097 2603 2231 2665 per·

477 2689 513 2717 “
545 2701 745 2742 versus
787 2678 1051 2750 effectus,
1080 2676 1140 2736 in
1172 2675 1403 2756 viisque
1442 2675 1563 2737 suis
1600 2675 1885 2737 omnibus
1914 2688 1978 2737 et
2014 2677 2228 2740 studiis

477 2788 515 2814 ‘⁴
546 2786 880 2858 corruptus,
912 2772 1200 2856 praeclara
1237 2771 1335 2831 illa
1369 2771 1526 2833 dona
1556 2772 1776 2843 amisit,
1803 2772 2026 2854 quibus
2055 2772 2228 2835 illum

481 2883 517 2910 ‘⁶
549 2882 890 2932 ornaverat:
936 2867 1085 2929 adeo
1131 2879 1195 2928 ut
1241 2890 1360 2928 non
1409 2867 1521 2927 nisi
1564 2867 1796 2950 exiguae
1843 2868 2120 2930 scintillae
2167 2879 2232 2930 et

478 2977 514 3002 ⁴⁸
548 2963 796 3046 vestigia
833 2961 1012 3023 exilia
1056 2961 1139 3021 illi
1183 2961 1388 3022 relicta
1432 2973 1592 3035 sunt,
1637 2983 1774 3043 quae
1818 2973 2021 3023 tamen
2065 2959 2229 3022 suffi-

482 3071 517 3096 “
548 3060 709 3122 ciant
758 3058 831 3120 ad
879 3057 1314 3118 inexcusabiles
1365 3056 1693 3118 reddendos
1746 3057 2042 3130 homiues,
2089 3055 2232 3138 quia

482 3167 517 3194 ‘⁴
549 3154 836 3239 quicquid
883 3154 943 3216 in
990 3153 1162 3215 nobis
1200 3165 1292 3215 est
1330 3153 1499 3225 lucis,
1530 3154 1589 3214 in
1630 3176 1818 3216 caecas
1854 3154 2125 3215 tenebras
2153 3152 2233 3215 sit

484 3263 519 3289 ‘⁶
552 3272 927 3322 conversum,
957 3263 1025 3312 ut
1053 3262 1115 3311 et
1135 3249 1442 3333 Scriptura
1474 3250 1600 3333 ipsa
1627 3235 1826 3323 docet,
1848 3248 2073 3322 dicens,
2090 3247 2235 3312 Lus

484 3360 519 3385 ‘⁸
550 3349 614 3409 in
643 3348 905 3412 tenebris
936 3347 1115 3420 lucet,
1137 3354 1196 3413 et
1225 3346 1479 3409 tenebra·
1508 3346 1682 3409 illam
1710 3369 1826 3409 non
1854 3344 2234 3428 comprehen-

483 3452 520 3504 ε*
550 3436 816 3506 άειῑιιηι.”
861 3448 946 3527 (p.
974 3450 1144 3524 33⁵.)

565 3535 665 3599 De
688 3534 1133 3599 Justiflcatione
1161 3560 1268 3621 per
1287 3538 1520 3614 Fidem,
1549 3537 1985 3601 }1e1vetioe-“
1998 3534 2231 3604 Quam-
