2418 4172
567 373 675 426 DE
714 372 1519 427 REMONSTRANTIBUS.
1807 376 1916 434 4ss

172 511 755 587 mammutium,
786 512 974 595 (quod
1012 534 1231 574 nomen
1252 512 1813 577 Remmtrnntium
1840 527 1911 577 ut

170 604 233 656 et
255 592 1098 667 Contra-Remomtrantimn,
1118 595 1421 657 Simonus
1444 608 1730 678 perpetua
1758 598 1913 658 obli-

169 676 347 739 vione
372 677 694 739 delendum
725 683 972 756 censet,)
1005 677 1216 738 studiis
1253 689 1315 738 et
1353 676 1612 738 consiliis
1646 679 1910 759 privatis,

170 758 366 820 modis
408 759 754 841 illegitimis,
781 759 1096 840 disciplina
1137 771 1199 819 et
1239 758 1446 819 ordine
1472 759 1757 820 Ecclesiae
1786 761 1910 821 vio-

116 890 124 897 .
169 839 312 914 lato,
339 852 519 924 atque
545 841 794 902 flatrum
823 861 1069 903 suorum
1103 839 1531 901 monitionibus
1571 854 1632 900 et
1663 841 1907 920 judiciis

168 922 554 1005 contemptis,
579 921 857 1002 Belgioas
884 920 1186 982 Ecclesias
1226 933 1403 983 antea
1444 923 1908 998 florentissimas,

167 1003 233 1065 in
259 1003 382 1066 fide
408 1017 472 1064 et
498 1003 790 1064 charitate
818 1003 1357 1082 conjunctissimas,
1385 1004 1448 1064 in
1479 1004 1571 1065 bis
1598 1004 1908 1067 Doctrinae

166 1083 505 1167 Capitibus,
548 1086 805 1167 graviter
846 1097 909 1146 et
948 1087 1278 1168 periculose
1326 1086 1654 1148 admodum
1705 1090 1908 1149 turba-

166 1178 344 1230 runt:
387 1190 612 1228 errores
641 1168 851 1229 noxios
886 1180 946 1229 et
973 1183 1200 1229 veteres
1239 1181 1606 1243 revocarunt,
1632 1181 1695 1230 et
1722 1193 1907 1231 novos

165 1248 589 1331 pmcuderunt,
616 1250 858 1332 publice
885 1262 946 1311 et
975 1251 1269 1332 privatim,
1288 1273 1436 1312 voce
1463 1273 1533 1311 ac
1560 1252 1815 1334 scriptis,
1843 1253 1906 1313 in

165 1331 382 1413 vulgus
421 1345 781 1415 sparserunt,
808 1345 871 1393 et
911 1332 1195 1394 acerrime
1236 1346 1723 1415 propugnarunt:
1765 1334 1909 1396 doc·-

165 1413 410 1488 trinam,
431 1414 721 1476 hactenus
751 1415 815 1476 in
840 1414 1128 1476 Ecclesiis
1159 1428 1482 1493 receptam,
1501 1416 1816 1477 calumniis
1844 1429 1909 1477 et

165 1496 547 1558 contumeliis
588 1497 932 1558 enormibus
971 1497 1320 1571 insectandi,
1347 1519 1459 1558 nec
1500 1498 1746 1559 modum
1791 1520 1906 1559 nec

166 1578 353 1640 finem
394 1578 700 1640 fecerunt:
741 1578 1053 1652 scandalis,
1090 1578 1371 1652 dissidiis,
1405 1581 1904 1642 conscientiarum

167 1660 481 1742 scrupulis,
507 1671 569 1721 et
594 1661 1115 1741 exagitationibus,
1142 1661 1346 1721 omnia
1382 1662 1604 1743 passini
1643 1663 1909 1744 comple-

165 1753 414 1805 verunt:
458 1763 596 1823 quae
636 1755 797 1803 certe
833 1742 1036 1822 gravia
1078 1742 1139 1802 in
1182 1742 1389 1814 fidem,
1423 1743 1486 1802 in
1530 1743 1907 1816 charitatem,

165 1822 231 1885 in
277 1823 468 1884 bonos
514 1844 728 1896 mores,
770 1822 834 1883 in
883 1822 1173 1884 Ecclesioe
1220 1824 1514 1884 unitatem
1564 1837 1626 1884 et
1672 1846 1907 1906 pacem,

167 1915 434 1999 pacata,
460 1887 601 1967 cufn
642 1904 704 1964 in
734 1905 900 1967 nuno
934 1905 1181 1965 homine
1209 1906 1445 1966 tolerari
1465 1906 1631 1986 juste
1658 1907 1908 1988 possint,

170 2007 235 2048 ln
264 1986 606 2048 Pastoribus
645 2009 894 2048 censura
936 1987 1306 2048 severissima
1349 1989 1425 2048 ab
1466 1989 1632 2049 omni
1675 2011 1803 2050 aevo
1842 1990 1906 2049 in

165 2067 439 2134 Ecclesia
486 2082 788 2152 usurpata,
829 2070 1160 2130 necessario
1207 2070 1594 2131 animadverti
1645 2070 1864 2131 debent
1885 2095 1909 2143 ς

165 2150 486 2225 Simorum,
515 2150 791 2213 invocato
818 2152 938 2213 Dei
969 2164 1175 2212 sancto
1202 2153 1469 2225 nomine,
1497 2174 1619 2213 suoe
1653 2152 1907 2212 auctori-

165 2233 307 2296 tatis
333 2254 411 2296 ex
439 2234 622 2295 verbo
649 2234 770 2296 Dei
802 2236 988 2317 probe
1017 2234 1274 2306 conscia,
1303 2235 1577 2295 omnium
1609 2234 1905 2315 legitima-

165 2335 301 2379 rum
331 2326 464 2378 tum
493 2328 763 2378 veterum
794 2332 925 2378 tum
956 2317 1287 2377 recentium
1321 2316 1702 2396 Synodorum
1725 2316 1904 2376 vesti-

165 2397 282 2479 giis
308 2398 606 2471 insistens,
633 2412 695 2460 et
725 2400 1255 2461 illustrissimorum
1288 2398 1439 2459 DD.
1460 2397 1756 2459 Ordinum
1778 2398 1904 2458 Ge-

167 2480 462 2544 neralium
497 2482 848 2544 auctoritate
879 2482 1129 2555 munita,
1157 2481 1418 2541 declarat
1443 2494 1503 2540 at
1549 2502 1621 2540 ue
1650 2479 1902 2559 judicat,

164 2562 437 2625 Pastores
474 2563 629 2638 illos,
656 2565 762 2646 qui
797 2566 1057 2648 partium
1100 2566 1163 2624 in
1203 2562 1473 2623 Ecclesia
1505 2502 1806 2636 ductores,
1841 2574 1902 2622 et

127 2683 130 2686 >
163 2666 431 2707 errorum
461 2644 736 2709 doctores
765 2670 892 2709 sese
920 2648 1319 2730 proebuerunt,
1347 2657 1637 2727 corruptoe
1666 2645 1902 2726 religio-

166 2726 281 2797 nis',
301 2727 500 2792 scisne
524 2729 817 2792 Ecclesiae
844 2730 1110 2800 unitatis,
1133 2742 1195 2789 et
1223 2728 1704 2810 gravissimorum
1736 2749 1905 2787 scan-

166 2807 461 2885 dalorum,
475 2810 689 2874 citatos
709 2834 849 2872 vero
877 2812 951 2872 ad
982 2813 1138 2871 hanc
1163 2810 1497 2891 Synodum,
1520 2808 1901 2869 intoleranda

165 2891 301 2954 insu
431 2889 711 2954 adversus
741 2893 1003 2974 supremi
1027 2892 1404 2973 magistratus
1435 2892 1495 2950 in
1526 2890 1638 2950 hac
1655 2890 1902 2972 Synodo

164 2974 293 3056 pub
339 2984 474 3035 cata
497 2973 794 3047 decreta,i
907 2996 1088 3056 mque
1118 2974 1271 3034 banc
1292 2972 1686 3032 venerandam
1710 2972 1905 3053 Syno-

165 3054 336 3130 dum,
364 3056 730 3139 pervicacite,
757 3079 788 3117 r
861 3080 888 3119 s
916 3068 980 3118 et
1005 3056 1308 3118 convictos
1337 3055 1543 3115 teneri.
1626 3054 1792 3122 Quas
1821 3055 1901 3115 ob

166 3158 396 3213 causas,
419 3138 619 3221 primo
651 3139 932 3222 Synodus
960 3138 1256 3233 praedictis
1295 3137 1488 3196 citatis
1517 3136 1682 3196 omni
1713 3137 1903 3197 eccle-

165 3219 408 3282 siastico
438 3242 684 3284 munere
713 3222 1031 3296 interdicit,
1060 3242 1278 3300 eosque
1308 3220 1382 3279 ab
1411 3218 1617 3279 officiis
1646 3219 1767 3278 suis
1796 3218 1901 3279 ab-

165 3300 349 3376 dicat,
366 3314 428 3365 et
455 3303 810 3367 academicis
838 3304 1245 3366 functionibus
1268 3301 1446 3361 etiam
1480 3299 1754 3381 indignos
1776 3322 1902 3361 esse

167 3382 413 3463 judicat,
440 3384 632 3448 donec
665 3410 774 3470 per
801 3388 1015 3449 seriam
1046 3382 1530 3466 resipiscentiam,
1557 3381 1752 3456 dictis,
1779 3382 1903 3444 fac-

164 3465 265 3536 tis,
283 3465 495 3529 studiis
524 3471 834 3531 contrariis
861 3467 1097 3530 abunde
1117 3465 1587 3547 comprobatam,
1609 3463 1899 3526 Ecclesiae

169 3546 557 3622 satisfaciant,
584 3566 648 3614 et
686 3574 828 3615 cum
870 3550 1080 3611 eadem
1109 3569 1244 3607 vere
1285 3558 1348 3607 et
1384 3546 1560 3629 plene
1595 3547 1903 3608 reconcili-

171 3639 364 3703 ent-w,
412 3643 592 3714 atque
647 3633 722 3696 ad
777 3634 904 3713 ejus
961 3628 1450 3691 communionem
1509 3628 1900 3712 recipiamur:
2017 3645 2026 3649 ·

986 3733 1095 3794 Gg
