2418 4172
516 383 591 436 80
1142 378 1625 434 CONFESSIO

517 533 581 587 et
606 522 909 595 Blastum,
936 532 1143 583 eontra
1170 543 1323 603 quos
1350 533 1413 582 et
1446 522 1709 602 Irepaeus
1752 522 2008 606 scripsit,
2036 534 2098 584 et
2130 545 2273 585 om·-

383 613 395 624 ‘
517 628 624 668 nes
652 605 757 687 qui
785 604 989 666 Deum
1026 603 1256 665 faciunt
1290 604 1601 666 authorem
1641 605 1890 688 peccati.
1975 606 2135 667 Cum
2170 605 2264 666 di-

516 699 670 750 serte
711 688 1003 771 scriptum
1046 687 1144 763 sit,
1177 687 1394 748 Psalm.
1425 711 1480 748 v.
1524 687 1620 748 Tu
1662 709 1779 748 non
1824 710 1887 749 es
1930 688 2128 763 Deus,
2155 689 2263 786 qui

513 770 662 833 velit
690 771 1091 854 iniquitatem.
1188 771 1391 831 Odisti
1417 792 1621 831 omnes
1647 772 1753 853 qui
1780 779 2115 852 operantia·
2145 771 2264 831 mi-

555 854 829 928 nitatem,
851 853 1071 935 perdes
1109 875 1313 915 omnes
1353 855 1458 935 qui
1499 853 1826 936 loquuntur
1866 852 2262 915 mendacium.

574 949 601 998 t
630 937 867 1011 iterum,
893 937 1086 1012 Joan.>
1104 936 1226 997 viii.
1275 937 1430 996 Cum
1460 936 1731 1019 quuitur
1759 936 2064 999 Diabolus
2097 955 2266 998 merv-

476 1091 480 1097 ,
516 1019 777 1094 dacium,
815 1040 889 1079 ex
921 1019 1192 1100 propriis
1237 1017 1525 1102 loquitur,
1564 1020 1711 1102 quia
1751 1020 2012 1080 mendax
2054 1027 2164 1094 est,
2203 1026 2265 1080 et

507 1111 695 1184 pater
723 1101 855 1186 qus
879 1103 990 1163 rei.
1076 1101 1194 1162 Sed
1228 1112 1290 1162 et
1324 1102 1386 1161 in
1425 1102 1599 1162 nobis
1638 1102 1783 1195 ipsis
1829 1104 1972 1163 satis
2012 1114 2105 1164 est
2131 1101 2263 1163 vitii

515 1185 1052 1268 corruptionisque,
1080 1195 1148 1244 ut
1177 1183 1328 1244 nihil
1360 1206 1601 1244 necesse
1623 1196 1701 1244 sit
1722 1184 1926 1245 Deum
1952 1184 2266 1247 infundere

515 1268 690 1329 nobis
732 1288 949 1328 novam
1002 1276 1106 1326 aut
1149 1266 1475 1326 auctiorem
1526 1266 1903 1348 pravitatem.
1989 1266 2266 1342 Proinde,

515 1349 757 1431 quando
779 1348 999 1409 dieitur
1017 1348 1077 1408 in
1102 1347 1425 1430 Scripturis
1446 1347 1620 1408 Deus
1640 1348 1935 1424 indurare,
1950 1363 2267 1425 excaecare,

515 1444 579 1494 et
605 1431 836 1493 tradere
865 1431 927 1491 in
950 1431 1271 1512 reprobum
1297 1452 1562 1503 sensum,
1584 1430 2041 1513 intelligendum
2065 1431 2126 1492 id
2154 1442 2268 1506 est,

516 1514 677 1596 quod
697 1514 867 1594 justo
885 1513 1119 1594 judicio
1148 1512 1318 1573 Deus
1351 1513 1408 1573 id
1440 1513 1637 1588 faciat,
1668 1525 1952 1595 tanquam
1981 1513 2174 1595 judex
2206 1525 2271 1575 et

516 1598 677 1659 ultor
691 1596 912 1677 justus,
998 1596 1302 1676 Denique,
1332 1596 1811 1678 quotiescunque
1839 1598 2012 1658 Deus
2040 1595 2268 1679 aliquid

520 1681 664 1741 mali
708 1680 767 1740 in
810 1679 1117 1761 Scriptura
1155 1678 1347 1739 facere
1388 1678 1610 1740 dicitur
1652 1692 1832 1760 atque
1861 1680 2115 1755 videtur,
2144 1701 2266 1741 non

521 1762 657 1824 ideo
685 1761 923 1835 dicitur,
945 1760 1108 1842 quod
1138 1761 1323 1821 homo
1354 1762 1581 1822 malum
1614 1784 1733 1822 non
1757 1763 1956 1836 faciat,
1977 1763 2079 1824 sed
2102 1762 2267 1844 quod

518 1845 692 1907 Deus
723 1844 848 1905 fieri
880 1845 1127 1905 sinataet
1164 1866 1284 1904 non
1323 1844 1660 1927 prohibeat,
1680 1845 1849 1924 justo
1888 1868 1998 1907 suo
2015 1845 2270 1925 judicio,

520 1929 625 2010 qui
655 1927 975 2011 prohibere
1005 1924 1300 2011 potuisset
1331 1928 1379 1987 si
1410 1927 1729 1988 voluisset:
1774 1929 1866 1989 vel
1903 1928 2069 2010 quod
2110 1928 2273 1989 malo

522 2010 842 2072 hominum
873 2011 1027 2071 bene
1056 2021 1279 2082 utatur,
1309 2021 1375 2070 ut
1403 2010 1665 2092 peccatis
1695 2009 1943 2071 fratrum
1972 2011 2229 2094 Josephi
2254 2034 2269 2071 ε

520 2094 613 2155 vel
642 2093 806 2175 quod
836 2093 964 2175 ipse
992 2104 1242 2175 peccata
1270 2093 1566 2174 gubernet
1604 2115 1681 2153 ne
1718 2093 1915 2168 latius,
1943 2115 2129 2175 quam
2162 2114 2273 2178 par

521 2188 631 2251 est,
658 2186 981 2258 erumpant
1023 2185 1204 2254 atque
1249 2187 1607 2257 grassentur.
1694 2177 1757 2237 S.
1788 2176 2272 2258 Augustinusin

522 2258 877 2319 Enchiridio
912 2280 1040 2332 su0,
1086 2257 1300 2317 “Miro
1337 2257 1566 2331 mod0‚”
1595 2258 1810 2339 inquit,
1839 2267 1955 2320 “et
1987 2258 2273 2320 ineffabili

521 2351 557 2378 “
590 2363 710 2402 non
760 2343 833 2401 fit
887 2351 1103 2422 proeter
1143 2340 1518 2400 voluntatem
1563 2340 1711 2420 ejus,
1754 2342 1917 2422 quod
1968 2342 2152 2403 etiam
2204 2343 2274 2403 fit

523 2433 559 2460 “
591 2435 798 2486 eontra
826 2423 1199 2483 voluntatem
1231 2422 1377 2501 ejus.
1464 2424 1625 2491 Quia
1667 2446 1789 2484 non
1833 2426 2023 2500 fieret,
2051 2426 2099 2485 si
2146 2425 2273 2486 fieri

524 2515 561 2543 ‘⁴
592 2529 713 2567 non
744 2506 982 2566 sineret.
1067 2504 1203 2565 Nec
1235 2505 1442 2586 utique
1482 2506 1692 2567 nolens
1733 2507 1877 2568 sinit
1914 2507 2018 2569 sed
2046 2508 2273 2568 volens.

524 2597 560 2625 “
588 2588 725 2650 Nec
741 2588 959 2648 sineret
982 2588 1177 2648 bonus
1196 2588 1322 2648 fieri
1349 2588 1525 2662 male,
1547 2589 1656 2650 nisi
1682 2590 2071 2674 omnipotens
2091 2590 2274 2652 etiam

524 2679 559 2708 “
589 2671 666 2733 de
709 2671 869 2731 malo
912 2670 1106 2731 facere
1148 2683 1348 2752 posset
1385 2671 1587 2732 bene.‘'
1675 2673 1830 2734 Haec
1870 2674 1991 2747 ille,
2019 2673 2278 2767 reliquas

526 2753 906 2836 quaestiones,
928 2754 1026 2814 An
1054 2752 1225 2814 Deus
1254 2754 1506 2814 voluerit
1527 2755 1649 2815 labi
1683 2755 2009 2831 Adamum,
2030 2768 2134 2818 aut
2163 2777 2280 2818 im-

527 2836 753 2921 pulerit
779 2835 852 2897 ad
885 2836 1162 2919 lapsum?
1207 2848 1310 2897 aut
1353 2859 1536 2918 quare
1581 2838 1815 2920 lapsum
1860 2861 1981 2900 non
2025 2837 2282 2923 impedi·

527 2919 717 2981 verit?
756 2929 821 2980 et
850 2918 1075 2980 similes
1105 2920 1464 3014 quoestiones
1501 2919 1863 3002 deputamus
1895 2922 2050 2983 inter
2084 2921 2282 2982 curio·

529 3024 643 3077 sas,
670 3001 924 3064 scientes
953 3002 1295 3063 Dominum
1327 3002 1726 3086 prohibuisse,
1755 3026 1832 3064 ne
1865 3003 2052 3065 homo
2078 3002 2283 3064 ederet

530 3085 607 3147 de
646 3085 846 3147 fructu
888 3085 1215 3168 prohibite,
1257 3097 1319 3146 et
1361 3086 1891 3167 transgressionem
1937 3086 2281 3171 punivisse:

532 3167 636 3230 sed
663 3179 727 3229 et
763 3168 919 3229 mala
956 3190 1076 3229 non
1121 3190 1249 3229 esse
1288 3190 1425 3250 quae
1456 3170 1614 3230 fiunt
1651 3182 1926 3253 respectu
1967 3168 2283 3254 providen-

532 3252 629 3312 tioe
672 3251 812 3322 Dei,
841 3250 1166 3313 voluntatis
1209 3274 1279 3312 ac
1323 3253 1635 3335 potestatis
1679 3251 1819 3327 Dei,
1860 3251 1967 3331 sed
2008 3262 2282 3336 respectu

534 3335 767 3427 Satanae
811 3346 874 3396 et
914 3334 1240 3397 voluntatis
1285 3346 1520 3410 nostroe,
1559 3335 1851 3397 voluntati
1896 3335 2017 3398 Dei
2068 3354 2283 3417 repug-

537 3427 750 3477 nantis.
