2418 4172
778 331 1279 385 PRAEFA'rlo.
1790 332 1891 384 241

152 494 286 536 rum
333 486 396 535 et
446 474 768 557 impiarum
814 474 1222 535 traditionum.
1310 472 1403 532 lta
1451 485 1511 529 ct
1563 471 1621 529 in
1672 471 1899 551 reliqua

149 554 420 629 ecclesia,
453 558 664 617 multae
708 556 873 617 falsae
918 556 1231 639 opiniones
1272 554 1348 615 dc
1393 552 1672 613 humanis
1716 554 1897 614 tradi-

54 668 61 676 ·
149 636 416 701 tionibus
438 663 472 700 a
496 638 808 701 monacbis
835 652 897 700 et
926 651 1100 699 antea
1122 659 1337 719 sparsae
1367 648 1527 709 sunt,
1593 656 1683 694 uae
1715 634 1895 695 fidem

149 731 212 781 et
253 720 719 792 invocationem,
747 733 810 780 et
839 742 1006 781 veros
1049 719 1245 780 cultus
1289 717 1435 777 alios
1475 739 1509 776 a
1614 739 1686 776 eo
1728 739 1897 776 man-

147 801 320 865 datos
349 806 830 865 obscuraverunt.

233 886 310 947 In
352 885 596 969 templis
639 885 822 945 etiam
871 885 1068 966 palam
1115 884 1376 944 cernitur
1406 884 1723 966 multiplex
1762 906 1897 965 pro-

147 967 438 1054 phanatio
484 989 676 1029 coenoe
721 966 995 1040 Domini,
1041 989 1223 1047 quam
1276 989 1516 1027 summa
1572 967 1899 1026 reverentia

147 1050 547 1113 administrari
592 1050 877 1134 oportuit.
964 1050 1210 1131 Legunt
1255 1050 1488 1122 missaS,
1522 1061 1581 1109 et
1625 1050 1898 1120 offerunt,

149 1144 220 1197 ut
266 1133 614 1217 loquuntur,
664 1133 907 1216 plurimi
969 1132 1308 1206 sacrificuli,
1360 1133 1698 1214 ignorantes
1750 1132 1896 1212 quid

148 1227 363 1312 agantt
405 1229 640 1278 tantum
689 1215 1108 1276 consuetudini
1154 1217 1593 1297 obtemperant,
1635 1227 1737 1275 aut
1780 1237 1899 1274 ser-

148 1310 320 1361 viunt
358 1300 570 1360 ventri.
655 1299 776 1358 Alii
831 1298 1247 1380 superstitiosi,
1282 1300 1384 1379 qui
1437 1298 1572 1380 plus
1628 1298 1895 1375 cogitant

148 1380 226 1443 de
269 1381 386 1444 boc
421 1404 529 1443 suo
557 1403 756 1464 opere,
785 1383 866 1441 fin
915 1394 1023 1441 unt
1053 1403 1115 1440 se
1145 1403 1296 1463 opus
1325 1381 1518 1441 facere
1548 1381 1656 1440 toti
1689 1380 1901 1441 Eccle-

150 1464 253 1527 sioe
290 1464 712 1537 necessarium,
741 1403 911 1544 quoff
949 1476 1246 1524 mereatur
1274 1463 1512 1524 facienti
1544 1475 1605 1523 et
1640 1463 1769 1523 aliis
1810 1486 1900 1523 rc·-

150 1547 496 1608 missionem
537 1558 940 1629 peccatorum.
1029 1546 1239 1606 Postea
1272 1549 1341 1606 fit
1371 1545 1697 1627 aucupium
1732 1566 1901 1605 max-

149 1628 256 1691 imi
286 1640 572 1711 quoestus,
600 1630 758 1688 fiunt
800 1628 1088 1688 sacrificia
1131 1650 1240 1708 pro
1278 1628 1547 1687 mortuis,
1633 1627 1717 1686 Et
1746 1638 1900 1685 tem-

148 1710 251 1795 pla
277 1711 469 1794 magis
497 1721 790 1791 occupata
819 1722 960 1770 sunt
987 1710 1263 1768 funerum
1297 1708 1692 1781 caeremoniiS,
1714 1730 1897 1788 quam

147 1814 294 1855 voce
322 1793 704 1865 concionum,
734 1804 838 1852 aut
870 1791 1169 1851 exercitiis
1199 1791 1551 1851 viventium.
1622 1790 1758 1851 Nec
1790 1813 1899 1872 po-

148 1876 329 1959 pulus
355 1888 516 1937 recte
554 1874 805 1935 docetur
832 1874 992 1957 apud
1033 1874 1394 1934 adversarios
1434 1874 1508 1934 de
1555 1896 1666 1934 usu
1711 1897 1901 1933 sacra-

148 1958 382 2021 menti}
425 1958 568 2040 quia
617 1958 837 2018 docent
888 1957 1193 2031 monachi,
1236 1968 1542 2017 sumentes
1594 1979 1669 2016 ex
1723 1979 1902 2038 operc

148 2052 415 2124 operato,
444 2054 512 2101 ut
552 2042 900 2122 loquuntur,
931 2040 1199 2122 accipere
1238 2040 1650 2099 remissionem
1695 2062 1903 2122 pecca-

149 2134 370 2186 torum.
455 2122 539 2183 Et
584 2146 703 2183 una
743 2145 877 2206 pars
917 2123 1270 2183 sacramenti
1313 2122 1539 2204 populo
1580 2122 1902 2183 adimitur:

150 2206 336 2268 altera
382 2228 519 2288 pars
569 2206 752 2267 etiam
804 2219 971 2266 extra
1023 2227 1198 2266 usum
1251 2205 1595 2265 institutum
1646 2205 1904 2265 circum-

150 2289 359 2364 fertur,
394 2300 456 2349 et
499 2288 776 2349 adoratur
817 2300 1024 2348 contra
1068 2289 1359 2348 rationem
1408 2288 1797 2347 sacramenti:
1842 2301 1903 2347 et

149 2371 368 2434 additae
409 2382 551 2432 sunt
588 2371 751 2432 falsae
799 2371 1112 2454 opiniones
1158 2370 1383 2431 multae.
1468 2370 1643 2430 Nihil
1690 2370 1902 2430 dicunt

149 2454 214 2516 hi
250 2453 328 2516 de
355 2453 595 2535 justitia
622 2453 783 2527 fidei,
811 2466 873 2514 et
908 2453 984 2514 de
1013 2476 1154 2514 vero
1197 2475 1310 2514 usu
1356 2465 1901 2515 sacramentorum:

146 2558 284 2620 quae
327 2559 449 2598 non
494 2549 635 2598 sunt
677 2537 910 2611 merita,
940 2536 1043 2597 sed
1092 2536 1437 2597 testimonia
1482 2536 1902 2597 confirmantia

149 2620 357 2694 fidem,
385 2631 453 2682 ut
481 2642 590 2681 suo
619 2620 753 2680 loco
781 2619 1073 2681 dicemuS.
1121 2619 1255 2680 Hos
1289 2621 1529 2679 morbos
1561 2619 1621 2679 in
1651 2619 1903 2679 ecclesia

150 2702 199 2763 si
237 2702 372 2783 quis
414 2714 520 2763 aut
560 2702 955 2776 dissimulare,
988 2715 1090 2764 aut
1134 2724 1418 2763 excusare
1448 2703 1595 2775 vult,
1623 2701 1768 2761 facit
1811 2701 1902 2760 in-

140 2783 327 2864 juste,
353 2796 417 2844 et
457 2785 611 2846 inter
638 2807 739 2846 eos
782 2797 873 2846 est
915 2786 990 2845 de
1036 2786 1256 2866 quibus
1300 2785 1550 2846 dicitur:
1602 2785 1709 2845 Vae
1743 2784 1905 2843 vobis

149 2867 260 2949 qui
295 2866 501 2928 dicitis
538 2867 766 2928 malum
798 2869 1031 2942 bonum,
1059 2871 1169 2929 διο.
1242 2868 1396 2928 Sunt
1447 2867 1608 2926 enim
1660 2866 1902 2947 publice

153 2947 280 3010 noti
312 2948 594 3010 omnibus
625 2972 746 3011 non
776 2951 1079 3012 fascinatis
1110 2963 1262 3011 tetra
1294 2950 1616 3032 hypocrisi.

239 3030 530 3092 Diximus
579 3054 772 3116 pauca
803 3033 902 3116 Nde
959 3035 1253 3095 erroribus
1305 3033 1612 3105 doctrinae,
1664 3043 1722 3090 et
1780 3031 1907 3090 cul-

153 3127 352 3175 tuum.
420 3113 564 3175 Jam
594 3115 1015 3198 episcoporum
1048 3117 1196 3177 auloe
1229 3117 1613 3198 aspiciantur,
1646 3113 1749 3172 ubi
1783 3135 1901 3172 non

152 3196 229 3258 de
257 3196 684 3258 communibus
715 3199 989 3259 auiarum
1012 3199 1172 3259 vitiis
1201 3211 1263 3259 et
1291 3199 1543 3259 miseriis
1575 3195 1903 3275 querimur,

151 3278 361 3361 quales
390 3291 531 3340 sunt
559 3282 620 3340 in
651 3281 931 3341 omnibus
961 3281 1143 3341 etiam
1179 3282 1373 3362 parvis
1404 3280 1666 3350 familiis,
1695 3277 1797 3337 sed
1827 3277 1903 3339 de

48 3407 50 3410 -
153 3361 529 3444 neglectione
560 3362 843 3445 praecipui
874 3362 1075 3423 officii.
1125 3363 1441 3422 Ordinatio
1473 3361 1904 3435 ministrorum,

153 3443 451 3527 inspectio
493 3445 899 3515 ecclesiarum,
935 3445 1289 3526 gubernatio
1318 3443 1654 3504 studiorum
1686 3442 1907 3504 doctri-

155 3547 439 3604 ηοω-α
466 3526 835 3610 disciplinoe;
866 3528 957 3589 hae
989 3548 1243 3588 summae
1274 3549 1367 3588 res
1396 3526 1566 3587 initio
1596 3547 1905 3587 commen-

157 3605 581 3673 dnm-fixerunt
609 3611 928 3693 episcopis,
957 3632 1106 3691 quas
1137 3609 1256 3671 fere
1287 3610 1511 3691 ubique
1542 3610 1617 3670 ab
1647 3609 1733 3670 eis
1761 3630 1906 3691 neg·
2010 3687 2019 3691 ῃ

1014 3714 1052 3752 R

1620 3751 1647 3760 ι

1646 3771 1679 3785 Ι
