2418 4172
796 370 1334 426 HELVE'I'ICA.
1825 374 1927 428 105

186 515 343 580 murs
421 517 575 587 Quae
616 515 785 589 fides,
812 526 973 576 certa
1010 510 1072 574 et
1110 511 1448 573 indubitata
1484 512 1756 572 omnium
1798 536 1926 596 spe·

183 598 500 662 undarum
558 598 634 659 de
675 597 796 659 Dei
854 594 1266 657 benevolentia
1323 615 1517 654 rerum
1580 595 1931 671 substantia,

182 694 246 744 ct
286 681 703 766 apprehensio,
720 701 809 740 cx
845 700 973 740 sese
1010 677 1384 748 charitatem,
1414 697 1483 736 ac
1520 696 1659 736 mox
1692 678 1932 759 praecla-

182 786 280 826 ros
328 766 602 825 omnium
654 763 940 823 virtutum
995 761 1220 821 fructus
1270 758 1549 853 pullulat,
1592 781 1711 819 non
1761 761 1933 841 quic-

183 867 368 928 quam
405 857 609 907 tamen
646 846 767 906 suis
795 844 1025 918 officiis,
1054 844 1195 904 licet
1224 863 1482 925 piorum,
1511 840 1614 901 sed
1646 842 1660 901 i
1709 844 1757 901 si
1789 843 1933 903 sim-

181 929 421 1014 pliciter
475 940 707 1012 partam
768 928 1021 988 salutem
1082 925 1289 1007 gratiae
1345 923 1466 984 Dei
1531 864 1931 986 attribuimus.

181 1012 389 1095 Atque
430 1011 517 1072 sic
603 1010 803 1071 uidem
844 1010 1007 1070 solus
1050 1029 1221 1069 verus
1258 1018 1351 1068 est
1377 1006 1496 1067 Dei
1540 1007 1756 1081 cultus,
1787 1007 1933 1068 fides

184 1093 454 1190 inquam,
494 1032 659 1155 nu‘lla
706 1114 957 1176 operum
1018 1090 1255 1165 fiducia,
1297 1111 1546 1173 operum
1606 1089 1936 1152 foecundis-

183 1197 356 1239 uma.
1378 1189 1387 1198 ·

266 1257 444 1321 XIV.
493 1257 591 1319 Ex
636 1258 857 1320 talibus
904 1268 1103 1319 autem
1157 1255 1455 1338 lapidibus
1510 1278 1690 1339 super
1736 1257 1932 1318 vivam

186 1340 347 1404 banc
385 1353 616 1424 petram
664 1340 781 1402 hoc
819 1352 999 1423 pacto
1032 1339 1421 1412 inaediflcatis,
1446 1339 1760 1400 ecclesiam
1791 1362 1936 1401 con·

188 1423 357 1497 strui,
384 1435 775 1505 sanctamque
813 1435 1152 1484 sanctorum
1193 1421 1467 1483 omnium
1502 1421 1938 1495 collectionem,

187 1527 472 1649 sponsum
501 1506 748 1580 Christi,
777 1527 958 1586 quam
1000 1528 1109 1566 suo
1147 1507 1437 1586 sanguine
1475 1505 1741 1565 ablutam
1775 1506 1934 1566 Patri

186 1587 511 1670 siquando
538 1587 708 1648 sistet
735 1587 1207 1658 immaculatam,
1236 1599 1529 1647 tenemus.
1616 1589 1773 1655 Quae
1801 1588 1939 1667 qui-

185 1666 327 1732 ἁω
367 1690 508 1732 cum
549 1670 732 1730 solius
761 1669 880 1730 Dei
919 1668 1109 1729 oculis
1140 1669 1218 1728 sit
1246 1679 1410 1740 nota,
1439 1668 1702 1728 externis
1731 1682 1935 1729 tamen

229 1750 549 1826 uibusdam
584 1751 797 1812 ritibus
827 1752 905 1812 ab
934 1751 1065 1834 ipso
1094 1749 1338 1811 Christo
1368 1749 1654 1809 institutis
1684 1761 1745 1810 et
1773 1751 1937 1811 verbi

184 1773 330 1909 zei,
368 1834 535 1897 velut
576 1833 838 1917 publica,
881 1833 1274 1916 legitimaque
1316 1831 1633 1914 disciplina
1676 1855 1795 1893 non
1841 1855 1939 1894 so-

186 1917 318 1980 lum'
344 1917 625 1991 cernitur,
653 1916 1173 2000 cognosciturque,
1201 1915 1306 1976 sed
1343 1915 1428 1975 ita
1461 1915 1843 1990 construitur,
1873 1927 1940 1977 ut

188 1999 253 2062 in
293 1999 450 2062 hanc
487 1999 616 2061 sine
659 1999 753 2060 his
792 2021 972 2061 nemo
1013 1998 1126 2059 nisi
1163 1998 1444 2081 singulari
1474 1997 1593 2058 Dei
1625 1999 1939 2082 privilegio

189 2095 520 2145 censeatur.

272 2165 414 2227 XV.
457 2166 663 2249 Atque
702 2165 861 2227 hanc
897 2166 978 2225 ob
1021 2185 1261 2225 causam
1310 2163 1612 2225 ministros
1654 2163 1939 2237 ecclesiae,

190 2249 564 2332 cooperarius
605 2270 735 2310 esse
760 2247 882 2309 Dei
921 2246 1198 2321 fatemur,
1225 2268 1333 2330 per
1369 2268 1521 2328 quos
1559 2246 1660 2307 ille
1702 2257 1765 2307 et
1801 2268 1943 2341 cog-

190 2330 484 2397 nitionem
546 2331 636 2391 sui
701 2344 766 2391 et
830 2340 1215 2412 peccatorum
1279 2329 1691 2390 remissionem
1750 2328 1943 2390 admi-

190 2411 421 2489 diti-et,
450 2412 726 2474 homines
763 2413 836 2473 ad
880 2434 944 2473 se
982 2421 1310 2485 convertat,
1344 2412 1554 2495 erigat,
1583 2411 1942 2486 consoletur,

190 2495 428 2571 teive'at,
461 2495 644 2558 etiam
688 2506 752 2556 et
782 2495 1035 2577 judicet,
1069 2495 1154 2555 ita
1194 2505 1398 2555 tamen
1445 2506 1513 2555 ut
1552 2494 1836 2555 virtutem
1880 2506 1944 2555 et

191 2577 518 2642 efficaciam
564 2578 626 2639 in
670 2579 763 2639 bis
801 2600 1046 2639 omnem
1078 2577 1369 2653 Domin0,
1398 2577 1796 2638 ministerium
1831 2577 1944 2637 mi-

192 2660 395 2724 nistris
447 2673 655 2724 tamen
710 2661 1094 2723 ascribamus,
1180 2659 1344 2721 Nam
1406 2660 1564 2721 hanc
1617 2660 1942 2721 efficaciam

194 2743 345 2806 nulli
371 2744 623 2806 omnino
650 2757 934 2806 creaturoe
962 2744 1212 2826 alligari,
1242 2743 1344 2804 sed
1375 2743 1560 2803 libera
1587 2743 1707 2804 Dei
1736 2743 1945 2824 digna-

194 2826 362 2888 tione
397 2826 747 2909 dispensari,
776 2826 1083 2909 quomodo
1120 2839 1180 2887 et
1219 2827 1438 2907 quibus
1475 2826 1604 2908 ipse
1628 2825 1791 2897 velit,
1820 2847 1946 2885 cer-

196 2920 330 2971 tum
387 2921 497 2970 est.
583 2909 767 2971 Nihil
820 2911 979 2972 enim
1035 2916 1147 2984 est,
1194 2910 1300 2991 qui
1348 2909 1537 2990 rigat,
1587 2928 1782 2990 neque
1836 2908 1944 2990 qui

371 3000 458 3066 at,
482 2992 593 3054 sed
614 2994 722 3076 qui
749 2993 857 3054 dat
882 2994 1336 3066 incrementum,
1366 2991 1557 3051 Deus.

280 3073 459 3136 XVI.
485 3074 628 3157 Ipsa
664 3087 863 3136 autem
904 3075 1066 3136 verbi
1101 3086 1163 3135 et
1189 3073 1469 3157 pascendi
1501 3073 1695 3156 gregis
1725 3073 1945 3144 Domi-

200 3155 321 3219 nici
365 3156 712 3231 authoritas,
753 3181 891 3241 quae
937 3157 1174 3241 proprie
1218 3157 1478 3218 clavium
1526 3167 1792 3249 potestas
1837 3168 1946 3230 est,

199 3239 453 3314 cunctis,
494 3240 747 3300 summis
792 3262 966 3321 aeque
1015 3253 1076 3301 et
1125 3240 1262 3300 imis
1305 3240 1711 3320 praescribens,
1754 3258 1949 3299 sacro-

201 3334 407 3384 sancta
445 3322 925 3403 inviolabilisque
953 3344 1082 3382 esse
1110 3334 1172 3382 et
1198 3322 1292 3382 vel
1321 3321 1543 3394 divine,
1572 3319 1663 3380 vel
1695 3333 1858 3381 certo
1885 3334 1948 3384 et

201 3405 478 3467 consulto
504 3405 768 3465 ecclesiae
795 3404 1091 3484 suffragio,
1118 3404 1211 3463 vel
1241 3424 1446 3463 eorum
1479 3402 1792 3477 sententia,
1814 3403 1949 3486 qui·

202 3488 316 3550 bus
358 3488 474 3548 hoc
521 3487 700 3548 officii
748 3486 1045 3567 delegavit
1086 3484 1353 3560 ecclesia,
1386 3485 1590 3546 electis
1636 3497 1839 3547 tamen
1886 3500 1950 3549 et

203 3569 432 3632 idoneis
461 3569 1001 3631 administrandum
1034 3568 1335 3631 committi
1364 3567 1560 3629 debet.

285 3653 497 3716 XVII.
526 3653 640 3715 Est
678 3652 838 3714 enim
880 3652 1110 3713 functio
1153 3651 1280 3713 haec
1320 3651 1488 3725 nulli,
1517 3672 1697 3732 quem
1741 3674 1859 3712 non
1891 3667 1952 3714 et
2011 3687 2019 3691 -

1680 3776 1714 3787 Ι
