2418 4172
774 340 1274 395 PRAEFATlo.
1787 337 1895 394 289

154 499 313 562 runt,
341 486 468 548 fieri
512 508 635 547 non
678 484 896 569 potuit,
924 483 1075 566 quin
1121 482 1182 543 hi
1214 500 1436 542 errores
1465 489 1526 538 et
1555 479 1775 539 abusus
1809 502 1895 540 re-

150 568 679 656 prehenderentur,
707 589 846 629 cum
883 567 959 627 de
1001 565 1270 627 fontibus
1315 563 1525 623 harum
1559 571 1896 621 controver-

152 653 373 715 siarum
421 651 744 713 dicendum
783 660 956 710 esset.
1028 649 1393 725 Quanquam
1436 653 1636 705 autem
1672 653 1734 702 et
1768 643 1896 702 fue-

151 746 312 810 runt,
341 746 403 796 et
438 743 597 805 sunt,
625 744 687 792 et
724 743 900 791 erunt
937 728 1250 790 dissimilia
1290 726 1609 786 hominum
1628 723 1896 803 judicia:

152 828 358 879 tamen
386 838 478 878 res
505 812 785 886 ostendit,
812 812 1016 874 Deum
1049 809 1304 871 voluisse
1342 807 1608 890 depulsis
1638 808 1898 867 tenebris

151 898 316 984 apud
345 898 566 960 multos
597 895 904 957 restituere
938 892 1338 955 ministerium
1371 889 1684 971 evangelii,
1708 901 1769 950 et
1798 912 1899 950 ve-

150 1003 280 1044 ram
337 979 797 1052 invocationem,
852 989 915 1037 et
971 976 1085 1036 hac
1141 973 1559 1057 repurgatione
1613 971 1899 1034 doctrinae

151 1063 375 1148 passim
405 1062 521 1124 sibi
550 1072 834 1122 aeternam
865 1058 1178 1120 ecclesiam
1224 1056 1525 1138 colligere.
1594 1054 1731 1116 Nec
1759 1077 1900 1116 vero

152 1146 273 1209 dici
302 1156 520 1230 potest,
541 1144 738 1205 nullos
767 1143 951 1203 fuisse
981 1153 1083 1202 aut
1111 1163 1239 1201 esse
1268 1161 1490 1200 errores
1529 1139 1591 1199 in
1629 1138 1900 1200 doctrina

153 1239 217 1292 et
243 1227 663 1291 traditionibus
693 1225 1180 1287 adversariorum.

241 1311 517 1373 Maxime
559 1308 958 1369 necessarium
1003 1318 1095 1367 est
1131 1306 1192 1365 in
1231 1305 1483 1366 ecclesia
1520 1315 1723 1364 extare
1758 1303 1902 1366 doo-

156 1394 376 1455 trinam
420 1392 496 1453 de
542 1390 918 1475 poenitentia,
946 1402 1007 1450 et
1048 1388 1124 1449 de
1164 1387 1282 1448 fide
1324 1387 1657 1470 accipiente
1693 1387 1902 1447 remis·

157 1476 388 1537 sionem
459 1486 843 1558 peccatorum
917 1473 1321 1553 incorruptam
1382 1482 1444 1530 et
1500 1469 1899 1552 perspicuam.

159 1558 555 1619 Manifestum
600 1568 691 1616 est
734 1567 954 1628 autem,
981 1554 1058 1614 de
1090 1553 1202 1613 bac
1230 1553 1532 1644 proecipua
1559 1563 1730 1634 parte
1758 1551 1903 1612 doc-

155 1640 328 1701 trinae
355 1638 767 1700 ecclesiasticoe
810 1637 1034 1697 multos
1076 1635 1431 1716 pernitiosos
1474 1655 1697 1694 errores
1730 1644 1791 1693 et
1820 1634 1902 1693 la-

158 1721 473 1804 byrinthos
503 1719 652 1780 tradi
681 1730 743 1779 et
771 1716 1112 1778 confirmari
1143 1717 1219 1775 ab
1248 1715 1610 1776 adversariis
1669 1714 1902 1776 Extant

153 1803 317 1865 enim
347 1802 503 1875 libri,
530 1802 635 1883 qui
666 1799 806 1861 inde
834 1822 1024 1881 usque
1052 1821 1087 1859 a
1115 1799 1399 1859 trecentis
1433 1797 1605 1858 annis
1647 1797 1710 1857 in
1750 1800 1903 1859 mul-

155 1897 354 1948 torum
405 1885 681 1946 manibus
722 1895 881 1943 sunt.
968 1883 1214 1950 Quanta
1256 1880 1625 1942 contumelia
1666 1891 1758 1941 est
1801 1880 1905 1942 ad-

157 1990 359 2030 versus
389 1968 609 2029 Filium
642 1966 784 2040 Dei,
812 1964 973 2047 quod
1012 1964 1225 2025 dicunt
1263 1964 1540 2024 homines
1571 1963 1782 2024 mereri
1813 1986 1905 2023 re-

159 2051 509 2112 missionem
554 2059 934 2143 peccatorum
981 2047 1236 2139 propriis
1278 2047 1581 2129 operibus,
1609 2057 1671 2106 et
1703 2046 1902 2125 justos

157 2156 288 2195 esse
346 2132 696 2215 impletione
753 2130 940 2211 legis?
996 2128 1238 2189 Deinde
1294 2129 1609 2189 cumulant
1655 2151 1901 2201 errores,

159 2238 300 2278 cum
353 2236 535 2276 nemo
577 2214 743 2287 sciat,
776 2212 1018 2293 quando
1061 2211 1203 2272 satis
1247 2211 1466 2272 habeat
1507 2232 1777 2293 operum,
1803 2211 1905 2291 ju·

161 2299 309 2359 bent
342 2297 621 2359 homines
650 2310 940 2378 perpetuo
968 2294 1259 2364 dubitare,
1289 2316 1363 2354 an
1407 2294 1671 2354 habeant
1697 2295 1906 2354 remis-

159 2381 389 2442 sionem
435 2391 839 2463 peccatorum,
878 2389 941 2438 et
983 2399 1058 2438 an
1102 2376 1382 2459 placeant
1417 2376 1572 2437 Deo.
1661 2376 1788 2437 Hic
1828 2376 1904 2438 de

159 2463 499 2525 Mediatore
521 2461 679 2522 Filio
706 2461 849 2535 Dei,
874 2472 936 2521 et
961 2459 1039 2521 de
1070 2459 1189 2520 fide
1218 2459 1550 2542 accipiente
1579 2459 1901 2539 gratuitam

158 2545 569 2608 remissionem
609 2555 1013 2626 peccatorum,
1040 2554 1102 2603 et
1129 2541 1407 2603 vincente
1445 2541 1907 2617 dubitationem,

160 2628 469 2690 silentium
497 2639 589 2688 est
613 2629 677 2687 in
708 2626 1176 2687 adversariorum
1206 2625 1460 2707 scriptis.
1548 2624 1635 2685 Hi
1682 2646 1904 2684 errores

162 2732 400 2793 prorsus
429 2710 671 2771 ethnica
696 2709 932 2770 somnia
961 2720 1123 2781 sunt,
1144 2720 1206 2768 et
1233 2708 1722 2790 complectuntur
1742 2707 1905 2768 aliud

165 2813 226 2853 m
351 2813 453 2852 um
499 2792 682 2852 chaos
723 2813 1008 2852 errorum.
1095 2791 1367 2872 Fingunt
1416 2789 1901 2871 depravationem

166 2874 230 2935 in
318 2894 539 2935 umana
582 2885 811 2947 natura,
853 2896 987 2954 quae
1028 2874 1375 2934 nominatur
1421 2873 1578 2932 mala
1620 2871 1906 2953 concupi-

165 2955 411 3030 scentia,
438 2977 558 3016 non
587 2978 715 3016 esse
752 2968 1089 3038 peccatum,
1116 2956 1178 3016 id
1207 2968 1316 3028 est,
1347 2977 1467 3015 non
1508 2975 1636 3014 esse
1675 2954 1903 3014 malum

166 3059 441 3122 pugnans
469 3059 609 3099 cum
642 3039 775 3131 lege
801 3038 939 3116 Dei.
1019 3038 1287 3120 Fingunt
1313 3036 1741 3108 obedientiam,
1771 3057 1905 3116 quae

165 3120 429 3204 praestari
475 3131 673 3202 potest
714 3142 776 3180 in
822 3121 935 3181 hac
963 3121 1104 3193 vita,
1133 3143 1260 3181 esse
1293 3120 1706 3201 impletionem
1740 3118 1906 3199 legis,

165 3216 228 3264 et
258 3203 565 3264 bominem
598 3202 712 3263 hac
741 3202 1090 3284 impletione
1119 3203 1265 3284 legis
1290 3224 1490 3262 coram
1511 3201 1650 3261 Deo
1668 3199 1904 3279 justum

165 3308 312 3347 esse.
397 3285 613 3345 Postea
656 3284 716 3344 in
751 3284 1022 3345 doctrina
1060 3285 1434 3367 poenitentiae
1471 3285 1775 3343 finxerunt
1818 3283 1909 3343 in·

164 3367 536 3430 extricabilis
572 3366 982 3438 deliramenta,
1010 3378 1283 3448 oportere
1322 3365 1740 3426 contritionem
1783 3365 1909 3425 suf-

166 3453 467 3513 ficientem
500 3471 647 3522 esse,
675 3461 738 3509 et
768 3448 925 3509 hanc
957 3448 1170 3509 mereri
1201 3449 1474 3530 gratiam.

249 3533 348 3596 De
392 3531 764 3594 confessione
793 3531 1064 3613 flagitant
1090 3530 1603 3592 enumerationem
1646 3529 1911 3611 singulo-

1646 3771 1679 3785 l
