2418 4172
495 337 607 397 8oe
1092 336 1657 393 CATECHESIS

500 475 662 540 fectu
690 488 969 563 petamus
986 489 1032 552 ¹¹,
1054 500 1131 539 ex
1162 478 1379 540 intimo
1407 491 1625 541 nostrae
1656 480 1998 562 indigentiae
2025 505 2097 544 ac
2127 483 2241 544 mi-

498 562 663 623 seriae
720 583 894 621 sensu
914 572 941 600 ¹
993 582 1101 623 nos
1148 561 1210 622 in
1261 576 1589 645 conspectu
1637 562 1854 624 divinoe
1912 563 2241 646 majestatis

498 644 798 728 supplices
827 644 1179 723 abjiciamus
1194 655 1238 715 Υ,
1270 645 1414 707 huic
1456 647 1632 706 firmo
1662 645 2060 708 fundamento
2086 646 2243 710 inni·

499 738 760 802 tamur1,
811 749 918 788 nos
969 750 1003 788 a
1052 727 1208 797 Deo,
1258 750 1602 810 quanquam
1655 728 1952 810 indignos,
2000 749 2110 811 pro

451 845 453 847 ·
497 809 808 871 Christum
867 822 1069 872 tamen
1127 823 1291 871 certo
1346 811 1613 872 exaudiri
1636 825 1679 886 ⁸,
1727 809 2049 892 quemadm
2134 832 2239 875 um

502 892 677 954 nobis
707 893 767 953 in
797 894 979 954 verbo
1009 914 1118 954 suo
1148 893 1423 975 promisit
1440 893 1485 954 b.

594 985 731 1037 118.
767 975 918 1041 Qum
945 985 1090 1037 sunt
1119 996 1208 1051 ea,
1237 998 1365 1059 quoe
1394 997 1432 1037 α
1458 998 1524 1038 se
1543 977 1676 1057 peti
1681 975 1867 1060 jubet
1886 977 1918 1040 ?

588 1058 814 1118 Omnia
841 1069 972 1118 tum
1020 1059 1236 1119 animae
1267 1071 1396 1120 tum
1429 1058 1661 1142 corpori
1691 1059 2021 1122 necessaria
2037 1070 2080 1132 ⁶,
2109 1082 2244 1143 quae

498 1139 807 1201 Dominus
837 1151 1039 1200 noster
1063 1140 1245 1202 Jesus
1274 1141 1551 1202 Christus
1579 1161 1648 1202 ea
1677 1143 2038 1225 precatione,
2056 1163 2241 1226 quam

503 1245 612 1283 nos
644 1223 770 1304 ipse
799 1220 1023 1295 docuit,
1052 1223 1405 1306 complexus
1433 1234 1544 1284 est.

594 1316 730 1380 119.
767 1304 919 1370 Quae
949 1313 1037 1366 est
1065 1304 1180 1366 illa
1199 1306 1477 1387 precatio
1496 1306 1528 1368 ἓ

587 1395 623 1424 “
653 1388 830 1448 Pater
857 1385 1110 1463 noster⁶,
1139 1389 1241 1470 qui
1272 1410 1335 1449 es
1367 1389 1428 1449 in
1458 1388 1661 1450 coelis:
1691 1387 2114 1452 Sanctificetur
2138 1408 2250 1451 no-

500 1478 538 1506 “
569 1491 707 1531 men
757 1481 970 1531 tuum:
1016 1470 1219 1532 veniat
1266 1493 1519 1554 regnum
1570 1483 1779 1533 tuum:
1823 1474 1931 1534 flat
1970 1472 2247 1541 voluutas

497 1562 534 1590 “
564 1565 686 1628 tua,
715 1552 1226 1635 quemadmodum
1269 1554 1333 1615 in
1382 1555 1558 1629 coelo‚
1600 1555 1685 1616 sic
1726 1554 1908 1616 etiam
1954 1554 2016 1616 in
2058 1566 2246 1618 tenax

499 1643 536 1672 “
567 1658 784 1719 panem
815 1648 1085 1698 nostrum
1169 1637 1541 1699 uotidianum
1587 1636 1665 1698 da
1705 1638 1881 1700 nobis
1924 1637 2141 1701 hodie:
2183 1649 2247 1702 et

499 1726 535 1756 ‘⁸
566 1719 807 1779 remitte
845 1721 1018 1779 nobis
1061 1659 1264 1780 ὀεῖἰῐα
1307 1731 1524 1791 nostra,
1555 1721 1711 1781 sicut
1746 1733 1808 1782 et
1845 1741 1956 1782 nos
1993 1717 2247 1783 remitti-

502 1810 537 1839 “
569 1823 703 1863 mus
732 1801 1102 1862 debitoribus
1130 1802 1385 1884 nostris:
1414 1814 1477 1863 et
1504 1824 1580 1863 ne
1609 1803 1856 1864 inducas
1886 1825 1994 1864 nos
2022 1804 2086 1865 in
2114 1816 2246 1867 ten·

498 1892 534 1921 ‘⁶
564 1884 876 1957 tationem,
904 1884 1008 1945 sed
1038 1884 1224 1945 libera
1250 1906 1360 1945 nos
1399 1907 1435 1946 a
1474 1885 1653 1947 malo.
1739 1886 1902 1954 Quia
1938 1898 2114 1948 tuum
2153 1898 2247 1950 est

501 1975 541 2004 “
570 1987 844 2049 regnum,
872 1979 932 2027 et
959 1964 1247 2048 potentia,
1276 1977 1338 2027 et
1366 1967 1553 2048 gloria
1581 1966 1642 2027 in
1673 1967 1923 2028 secula.”
1984 1969 2204 2032 Amen.

590 2062 723 2111 120.
763 2048 892 2110 Cur
920 2050 1200 2130 praecipit
1237 2049 1539 2124 Christus,
1582 2058 1654 2111 ut
1701 2051 1793 2111 ita
1835 2050 2043 2112 Deum
2091 2072 2248 2115 ωηι-

493 2131 793 2214 pellemus
810 2155 830 2191 .·
880 2131 1078 2193 Pater
1104 2140 1307 2193 noster
1324 2131 1356 2194 i*

588 2214 679 2275 Ut
707 2213 911 2275 statim
955 2214 1015 2274 in
1047 2214 1179 2297 ipso
1207 2214 1566 2298 precationis
1595 2214 1862 2289 exordio,
1890 2217 2251 2279 convenien-

498 2309 622 2358 tem
660 2297 782 2358 Dei
818 2297 956 2357 filiis
999 2297 1388 2359 reverentiam
1433 2308 1495 2359 et
1536 2297 1821 2359 fiduciam
1865 2321 2007 2381 erga
2038 2299 2246 2362 Deum

502 2380 565 2441 in
595 2380 768 2442 nobis
797 2380 1037 2455 excitet,
1064 2403 1198 2462 quoe
1243 2391 1458 2442 nostrae
1499 2380 1855 2463 precationis
1893 2381 2251 2446 fundamen-

501 2474 631 2525 tum
665 2486 794 2524 esse
823 2461 1043 2533 debet;
1087 2463 1397 2537 nimirum,
1426 2464 1633 2525 Deum
1672 2486 1779 2546 per
1801 2463 2112 2528 Christum
2141 2487 2250 2528 no-

503 2546 596 2607 bis
623 2546 859 2608 Patrem
888 2546 1113 2607 factum
1145 2568 1292 2620 esse,
1321 2557 1381 2606 et
1410 2568 1545 2626 quae
1569 2566 1704 2608 vera
1733 2545 1852 2608 fide
1880 2547 1958 2608 ab
1985 2570 2059 2609 eo
2097 2548 2251 2631 peti-

505 2650 660 2699 mus,
717 2627 889 2689 nobis
947 2628 1139 2689 multo
1196 2629 1398 2689 minus
1455 2650 1690 2710 negare,
1737 2650 1920 2710 quam
1972 2642 2249 2714 parentes

509 2710 695 2772 nostri
726 2710 899 2772 nobis
930 2711 1087 2772 bona
1114 2721 1346 2772 terrena
1373 2710 1733 2793 denegante.

598 2806 732 2854 121.
768 2794 902 2855 Cur
930 2793 1214 2855 additur.-
1253 2794 1381 2859 Qui
1410 2816 1472 2855 es
1501 2795 1565 2854 in
1596 2794 1805 2857 coelis?

588 2875 688 2938 Ne
731 2874 807 2937 de
852 2875 1083 2939 coelesti
1136 2876 1448 2957 majestate
1490 2877 1610 2939 Dei
1662 2877 1889 2939 humile
1931 2877 2035 2960 qui
2084 2878 2248 2962 piam

507 2971 611 3020 aut
652 2971 955 3021 terrenum
998 2959 1396 3041 cogitemus‘:
1441 2959 1620 3021 simul
1659 2961 1863 3036 etiam,
1890 2972 1959 3024 ut
2000 2982 2036 3024 a
2119 2961 2249 3043 ejus

506 3041 963 3125 omnipotentia,
990 3064 1367 3124 quoecunque
1396 3043 1601 3105 animo
1631 3055 1693 3106 et
1717 3044 1951 3128 corpori
1980 3055 2122 3108 sunt
2147 3066 2253 3107 ne—

504 3125 775 3201 cessaria,
801 3137 1221 3209 exspectemus
1239 3137 1282 3186 Β.

394 1276 428 1307 (⁶)

578 3277 602 3300 '¹
636 3270 751 3319 Job.
775 3268 834 3318 iv.
858 3283 935 3333 23,
953 3284 1031 3331 24.
1088 3269 1212 3317 Psal.
1236 3269 1351 3318 cxlv.
1378 3270 1450 3326 18,
1474 3285 1547 3333 19,
1568 3286 1644 3318 2ο.
1764 3278 1785 3301 ⁸
1813 3286 1839 3319 2
1858 3269 2058 3337 Panlip.
2078 3286 2153 3319 xx.
2171 3285 2249 3320 21.

511 3344 532 3376 Υ
558 3336 683 3385 Psal.
702 3336 748 3385 ii.
773 3353 846 3385 11.
871 3348 921 3385 et
946 3335 1091 3385 xxxiv.
1115 3337 1189 3386 18.
1248 3337 1357 3385 lsai.
1381 3337 1486 3385 lxvi.
1517 3352 1562 3386 2.
1698 3345 1718 3370 ⁸
1753 3337 1898 3387 Rom.
1922 3352 1966 3386 x.
1992 3352 2069 3400 14.
2091 3335 2248 3387 etviii.

520 3418 594 3467 15,
622 3404 693 3452 16.
764 3405 868 3453 Jac.
895 3403 925 3452 i.
949 3405 997 3460 6,
1026 3418 1073 3466 7,
1100 3403 1149 3454 8.
1285 3411 1307 3433 ·
1339 3404 1451 3452 Joh.
1478 3404 1568 3452 xiv.
1594 3405 1803 3466 13-16.
1828 3412 1879 3454 et
1903 3421 1978 3454 xv.
1998 3404 2140 3454 πᾶσι
2159 3401 2247 3451 xvi.

515 3485 592 3533 23.
651 3471 776 3519 Dan.
805 3472 864 3518 ix.
892 3485 967 3534 ¹7·
993 3472 1064 3519 18.
1192 3470 1215 3503 ⁶
1248 3470 1391 3520 Matt.
1418 3470 1495 3520 vii.
1521 3470 1567 3520 8.
1625 3471 1746 3520 Psal.
1770 3470 1911 3521 cxliii.
1934 3487 1972 3520 1.
2090 3476 2114 3502 ⁸
2141 3466 2247 3517 διο.

513 3536 543 3583 ἱ.
572 3552 644 3596 17.
727 3537 871 3586 Matt.
897 3537 952 3586 vi.
979 3552 1061 3601 33.
1267 3536 1290 3569 ‘¹
1327 3539 1469 3587 Mstt,
1494 3537 1554 3588 vi.
1579 3554 1763 3603 9-13-
1839 3539 1955 3587 hio.
1979 3534 2040 3585 xl.
2062 3548 2174 3599 mg,
2200 3550 2249 3598 4.

512 3607 532 3631 ·
568 3604 708 3651 Matt.
735 3603 808 3653 νὶὶ.
835 3620 883 3680 9.
910 3620 983 3660 ιο,
1013 3620 1084 3653 11.
1144 3606 1261 3654 Luc.
1287 3605 1346 3654 xi.
1369 3620 1643 3667 11‚12,i3.
1782 3605 1796 3637 ‘
1828 3605 2004 3653 δοται
2021 3600 2144 3651 xxiii.
2167 3615 2247 3666 23.

516 3684 597 3729 24.
654 3671 758 3717 Act.
781 3670 884 3718 xvii.
911 3686 988 3732 ²4·
1020 3685 1097 3734 ²5·
1127 3686 1203 3734 27.
1341 3681 1364 3712 ⁸
1397 3672 1539 3720 Rom.
1564 3688 1607 3721 x.
1635 3686 1708 3719 12.
2391 3679 2418 3732 p·

2354 3728 2418 4172 j
