2418 4172
523 396 630 454 266
1150 397 1638 452 CONFESSIO

519 538 595 601 ad
626 539 804 602 Rom.
829 539 1028 602 Nulla
1048 560 1208 602 nunc
1236 540 1649 602 condemnatio
1677 539 1772 602 liis
1796 541 1903 624 qui
1926 542 1994 604 in
2020 540 2266 605 Christo

518 622 675 685 Jesu
718 623 1053 685 ambulant.
1138 623 1220 684 Et
1269 625 1449 684 Rom.
1479 624 1554 683 vi.
1595 621 1737 684 Non
1781 624 1926 684 estis
1964 625 2078 686 sub
2111 625 2266 709 lege,

517 706 628 767 sed
650 707 761 768 sub
785 707 1020 802 gratio.
1094 706 1188 767 Ibi
1222 707 1337 766 hoc
1368 706 1565 788 ipsum
1598 705 1901 787 quaeritur,
1929 728 2003 767 an
2035 708 2269 790 placeat

517 788 879 864 obedientia,
936 811 1076 851 cum
1140 790 1252 870 legi
1314 811 1434 849 non
1494 789 1858 850 satisfaciat?
1918 789 2267 872 Respondet

521 872 776 933 Paulus:
826 872 1083 945 Placere,
1125 873 1272 955 quia
1313 894 1432 932 non
1473 893 1683 932 sumus
1721 872 1833 932 sub
1876 871 2030 954 lege,
2072 871 2130 933 id
2174 882 2268 938 est

516 953 782 1015 damuati
815 956 980 1037 lege;
1022 955 1133 1015 sed
1154 955 1265 1015 sub
1286 955 1522 1037 gratio,
1551 953 1611 1015 id
1652 967 1761 1024 est,
1790 953 2176 1026 reconciliati,
2204 965 2267 1014 et

517 1037 748 1134 accepti
788 1037 851 1097 in
893 1036 1164 1119 gratiam.
1240 1036 1420 1097 Rom.
1448 1036 1571 1097 viii.
1606 1036 1765 1101 Quis
1793 1037 2207 1099 condemnabit
2228 1037 2268 1096 5⁸

523 1118 806 1181 Christus
839 1139 959 1199 pro
1001 1119 1172 1179 nobis
1212 1127 1487 1180 mortuus
1531 1127 1639 1193 est,
1670 1127 1731 1179 et
1771 1121 2130 1194 resurr-ait,
2158 1120 2265 1204 qui

517 1210 610 1263 est
651 1202 736 1262 ad
774 1201 1085 1261 dexteram
1130 1200 1276 1273 Dei,
1317 1208 1375 1260 et
1409 1222 1527 1281 pro
1567 1200 1740 1261 nobis
1788 1202 1879 1263 int
1991 1201 2159 1277 ellat,
2202 1202 2262 1263 id

515 1296 624 1357 est,
655 1285 893 1365 placent
920 1282 1107 1343 sancti
1139 1293 1382 1365 propter
1419 1282 1898 1364 interpellantem
1988 1284 2262 1346 hristum.

516 1366 677 1427 Haec
718 1365 878 1426 dicta
920 1364 1280 1449 opponenda
1323 1376 1463 1424 sunt
1505 1364 1886 1439 dubitationi,
1914 1386 1992 1426 ne
2024 1365 2173 1427 fides
2201 1378 2265 1428 et

514 1448 812 1509 invocatio
861 1449 1289 1530 extinguatur3
1348 1468 1487 1507 nam
1548 1446 1845 1509 dubitatio
1902 1447 2265 1531 languefacit

515 1544 976 1592 invocationem.
1084 1575 1093 1581 -
2086 1575 2092 1580 -

596 1614 923 1695 Postquam
964 1613 1147 1695 igitur
1187 1613 1430 1687 scimus,
1460 1626 1522 1673 et
1557 1612 1950 1675 necessariam
1990 1635 2122 1675 esse
2156 1635 2265 1675 no-

512 1718 648 1756 vam
681 1697 1106 1770 obedientiam,
1133 1708 1195 1757 et
1224 1696 1515 1755 auxilium
1549 1697 1722 1756 nobis
1753 1708 1916 1756 certo
1942 1695 2171 1768 donari,
2198 1706 2263 1756 et

514 1779 747 1862 placere
780 1779 952 1854 hanc,
974 1800 1320 1862 quanquam
1352 1778 1628 1838 mutilam
1653 1789 1715 1838 et
1737 1777 2096 1852 mendicam,
2116 1779 2263 1839 obe-

511 1861 822 1935 dientiam,
880 1883 1275 1943 agnoscamus
1332 1861 1691 1921 immensam
1750 1860 1869 1921 Dei
1928 1860 2262 1922 misericor-

511 1943 696 2017 diam,
725 1956 787 2005 et
816 1966 923 2027 pro
952 1966 1020 2004 ea
1048 1943 1266 2023 gratias
1293 1963 1562 2025 agamus,
1585 1955 1647 2003 et
1677 1943 1755 2003 sit
1783 1942 1975 2023 major
2001 1964 2142 2005 cura
2172 1965 2262 2004 re-

512 2027 691 2106 gendi
730 2048 940 2087 omnes
970 2026 1266 2086 actiones:
1310 2025 1452 2106 quia
1479 2025 1706 2085 scimus
1733 2036 1796 2084 et
1812 2024 2009 2104 juvari
2044 2047 2174 2101 iios,
2197 2040 2263 2088 et

512 2109 650 2171 Deo
683 2109 838 2170 lianc
867 2108 1272 2169 obedientiam
1307 2119 1552 2190 propter
1579 2105 1804 2168 Filium
1840 2107 2092 2190 placere.
2175 2106 2264 2170 Et

513 2214 750 2273 semper
779 2192 838 2252 in
870 2202 1196 2273 conspectu
1228 2190 1305 2251 sit
1330 2190 1462 2251 baec
1484 2189 1838 2259 necessitas;
1882 2189 1931 2251 si
1953 2189 2264 2252 effundan-

511 2287 610 2335 tur
654 2274 947 2336 beneficia
988 2274 1128 2348 Dei,
1143 2273 1498 2355 justificatio
1540 2284 1603 2334 et
1643 2273 2034 2356 regeneratio,
2061 2274 2258 2335 amitti

510 2358 696 2419 vitani
762 2369 1070 2429 aeternam,
1116 2356 1295 2436 juxta
1357 2355 1542 2417 illud:
1608 2355 2152 2437 Super-induemur,
2205 2358 2264 2418 ei

511 2449 711 2502 tamen
740 2463 859 2501 non
888 2441 1038 2500 nudi
1065 2439 1458 2520 reperiemur.
1544 2438 1627 2499 Et
1662 2438 1842 2499 Rom.
1872 2438 1994 2499 viii.
2022 2439 2098 2500 Si·
2123 2460 2263 2522 quis

513 2522 816 2604 Spiritum
852 2522 1086 2583 Christi
1121 2544 1238 2583 non
1280 2521 1478 2594 habet,
1506 2521 1606 2581 hic
1646 2543 1765 2581 non
1803 2529 1894 2581 est
1935 2542 2084 2604 qus.
2165 2522 2261 2583 Ac

511 2627 749 2688 semper
779 2605 838 2665 in
859 2604 1294 2684 justificatione
1324 2603 1504 2664 simul
1530 2605 1599 2663 fit
1622 2603 1927 2665 inchoatio
1957 2603 2256 2665 novitatis.

510 2688 697 2749 Latro
739 2687 1008 2771 pendens
1053 2688 1114 2748 in
1158 2709 1334 2748 cruce
1375 2686 1557 2747 habet
1587 2687 1742 2747 bona
1769 2708 1950 2769 opera
1978 2686 2259 2748 interiora

510 2782 572 2832 et
614 2770 942 2840 exteriora;
987 2769 1150 2830 dolet
1193 2791 1256 2829 se
1299 2791 1595 2851 peccasse,
1633 2781 1694 2829 et
1736 2769 1957 2830 fatetur
1997 2790 2061 2829 se
2092 2769 2260 2850 juste

510 2853 745 2936 puniri:
787 2852 1005 2914 deinde
1043 2865 1104 2913 et
1145 2851 1264 2913 fide
1300 2852 1571 2934 agnoscit
1599 2851 1990 2924 Salvatorem,
2016 2862 2078 2913 et
2106 2851 2260 2935 petit

510 2937 587 2997 ab
622 2959 694 2997 eo
732 2936 1021 2997 salutem:
1065 2934 1318 3016 ideoque
1350 2933 1517 2995 audit
1545 2934 1765 2995 claram
1797 2934 2260 3010 absolutionem,

510 3031 571 3080 et
612 3019 963 3080 concionem
1009 3018 1084 3080 de
1126 3017 1247 3079 vita
1289 3030 1528 3090 aeterna,
1557 3029 1618 3077 et
1660 3017 2154 3100 promissionem:
2196 3028 2260 3080 et

511 3101 837 3183 acquiescit
868 3100 1000 3195 jain
1045 3101 1175 3162 voci
1223 3100 1483 3174 Messiae,
1518 3115 1579 3160 et
1621 3122 1684 3161 se
1726 3100 1865 3161 Deo
1908 3099 2168 3181 subjicit,
2195 3112 2260 3162 et

511 3206 631 3245 non
679 3185 760 3246 im
811 3194 1063 3245 atienter
1105 3183 1218 3244 fert
1260 3182 1648 3267 supplicium,
1678 3182 1779 3244 sed
1820 3183 2055 3244 laetatur
2090 3182 2258 3266 agui-

511 3267 673 3328 tione
720 3206 983 3340 lil’euiae,
1026 3278 1087 3327 et
1130 3288 1234 3349 spe
1277 3267 1412 3327 vitae
1456 3277 1709 3341 oetemae,
1751 3278 1814 3326 et
1854 3264 1994 3326 Deo
2037 3265 2255 3348 gratias

511 3349 667 3431 agit:
713 3361 995 3444 praeterea
1032 3362 1099 3411 ut
1137 3360 1303 3410 extet
1331 3349 1570 3492 sifflum
1604 3347 2011 3421 confessionis,
2036 3346 2254 3407 refutat

513 3431 971 3494 maledicentem
1037 3432 1298 3494 Christo.

511 3514 754 3575 Christo
785 3514 948 3576 socio
978 3515 1255 3600 supplicii
1280 3514 1620 3576 effundente
1642 3513 1937 3596 Spiritum
1957 3509 2249 3571 Sanctum

514 3593 571 3657 in
617 3618 718 3655 cor
758 3596 907 3677 ejus,
935 3599 1040 3677 qui
1071 3620 1288 3659 novam
1322 3598 1518 3659 lucem
1549 3608 1613 3657 et
1641 3593 2007 3678 agnitionem
2048 3613 2249 3655 veram

1472 3454 1559 3493 aec
1619 3433 1681 3492 in
1746 3453 1819 3492 eo
1883 3431 2059 3504 flunt,
2120 3427 2253 3511 ipso
2357 3464 2365 3471 -
