2418 4172
559 330 1106 387 AUGUSTANA
1156 330 1415 383 MDXL.
1756 331 1858 384 185

119 474 291 539 natio
325 472 437 549 lais,
467 474 576 557 qui
601 482 744 535 sunt
770 475 835 535 in
873 474 1131 547 Christe,
1158 475 1267 534 &c.
1353 472 1717 550 Quanquam
1750 471 1860 553 igi-

112 570 220 621 ·tur
256 556 387 618 hoee
424 577 577 618 nova
613 556 953 619 obedientia
988 555 1198 640 procul
1239 555 1404 615 abest
1435 577 1469 615 a
1500 551 1860 637 perfectione

116 638 289 722 legis,
328 650 534 701 tamen
581 652 671 700 est
713 639 970 720 justitia,
1012 651 1073 699 et
1116 648 1377 697 meretur
1418 635 1684 720 praemia,
1728 634 1860 695 ideo

118 723 261 816 quia
290 743 555 805 personae
583 721 976 782 reconciliatae
1005 731 1163 780 sunt.
1249 719 1452 798 Atque
1494 718 1577 779 ita
1613 717 1688 778 de
1721 739 1863 800 ope·

119 806 285 866 ribus
302 802 701 884 judicandum
732 813 842 876 est,
870 824 1003 884 quae
1032 800 1276 882 quidem
1310 800 1695 884 amplissimis
1734 799 1863 860 lau-

118 886 297 948 dibus
339 886 601 947 ornanda
642 896 801 957 sunt,
830 884 990 965 quod
1019 886 1138 944 sint
1167 885 1511 958 necessaria,
1540 881 1703 964 quod
1745 882 1864 943 sint

119 969 318 1031 cultus
346 967 466 1030 Dei
495 981 556 1029 et
586 968 874 1030 sacrificia
904 967 1232 1051 spiritualia
1262 978 1323 1027 et
1353 978 1693 1027 mereantur
1717 987 1865 1048 prae-

121 1051 263 1113 mia.
347 1050 468 1113 Sed
512 1063 713 1112 tamen
752 1050 827 1111 de
856 1072 1106 1133 persona
1135 1050 1296 1131 prius
1326 1049 1585 1111 tenenda
1613 1058 1704 1109 est
1736 1049 1865 1109 haec

121 1133 451 1196 consolatio
478 1134 807 1195 necessaria
836 1134 896 1194 in
926 1131 1252 1195 certamine
1281 1132 1678 1204 conscientiae,
1700 1130 1865 1212 quod

123 1216 244 1278 fide
289 1220 472 1299 gratis
524 1217 850 1278 habeamus
895 1216 1303 1277 remissionem
1358 1227 1763 1299 peccatorum,
1805 1223 1867 1274 et

125 1321 376 1383 persona
407 1299 591 1379 justa,
622 1299 679 1359 id
725 1311 833 1370 est,
863 1298 1243 1359 reconciliata
1282 1300 1377 1373 sit,
1405 1311 1466 1359 et
1502 1298 1686 1358 hoeres
1728 1298 1866 1357 vitoe

125 1393 380 1457 aeternae,
407 1395 649 1465 propter
675 1382 1008 1457 Christum,
1036 1394 1242 1464 postea
1285 1404 1423 1442 vero
1460 1382 1695 1463 placere
1726 1381 1868 1440 obe·

125 1464 434 1539 dientiam,
451 1463 630 1544 juxta
673 1463 843 1538 illud,
873 1465 1058 1525 Nunc
1093 1487 1210 1525 non
1249 1465 1392 1525 estis
1432 1464 1543 1524 sub
1582 1462 1735 1545 lege,
1762 1461 1873 1523 sed

125 1546 239 1609 sub
342 1547 490 1607 otia.
575 1546 719 1607 Non
754 1547 917 1607 enim
1035 1558 1203 1606 ssunt
1230 1546 1456 1630 opponi
1487 1546 1589 1605 irae
1620 1566 1688 1605 ac
1705 1543 1869 1623 judi·

126 1628 223 1690 cio
351 1628 369 1688 i
410 1639 610 1688 nostra
648 1650 848 1710 opera,
877 1651 904 1688 s
1019 1639 1266 1687 terrores
1304 1627 1533 1710 peccati
1569 1638 1630 1686 et
1659 1626 1867 1686 mortis

127 1708 402 1772 vincendi
431 1721 573 1770 sunt
601 1709 823 1770 fiducia
853 1709 1205 1770 Mediatoris
1234 1709 1479 1782 Christi,
1500 1709 1656 1768 sicut
1683 1707 1871 1790 scrip-

128 1803 260 1855 tum
305 1803 416 1866 est,
451 1791 512 1853 Ο
550 1813 730 1867 mors,
759 1814 858 1852 ero
899 1813 1063 1853 mors
1105 1800 1231 1852 tua.
1315 1792 1399 1852 Et
1425 1791 1648 1852 Johan.
1680 1790 1755 1851 vi.
1786 1790 1871 1851 ait

129 1874 427 1949 Christus,
458 1875 612 1937 Haec
641 1884 732 1936 est
758 1875 1039 1936 voluntas
1065 1874 1286 1935 Patris
1315 1875 1423 1958 qui
1458 1874 1624 1935 misit
1659 1894 1773 1946 me,
1799 1880 1872 1933 ut

130 1959 319 2020 onmis
344 1958 451 2040 qui
475 1958 639 2020 videt
664 1957 911 2030 Filium,
942 1966 1002 2018 et
1030 1957 1224 2018 credit
1252 1958 1319 2017 in
1348 1979 1500 2031 eum,
1530 1957 1751 2017 habeat
1784 1956 1872 2017 vi-

133 2047 263 2102 tam'
304 2049 610 2101 ‹tter-nam.
692 2039 778 2100 Et
826 2040 1063 2113 Paulus,
1103 2037 1449 2121 Justg'ficati
1471 2038 1618 2135 fide
1655 2059 1872 2121 pacem

134 2123 435 2184 habemus.
519 2122 605 2183 Et
639 2122 911 2183 Ecclesia
954 2144 1190 2204 semper
1226 2135 1373 2195 orat,
1403 2122 1668 2182 Dzmitte
1707 2122 1875 2183 nobis

134 2205 337 2267 debita
364 2213 591 2278 nostra,
618 2217 799 2286 atque
841 2205 926 2265 ita
964 2205 1040 2264 de
1078 2205 1486 2265 imbecillitate
1514 2215 1875 2277 sanctorum,

134 2300 197 2350 et
236 2287 313 2348 de
350 2288 469 2348 fide
503 2288 724 2348 docent
751 2299 812 2348 et
841 2288 952 2370 ipsi
982 2287 1088 2348 SS.
1119 2298 1353 2368 patres;
1397 2287 1772 2367 Augustinus
1810 2286 1875 2346 in

134 2370 504 2432 enarratione
533 2371 751 2430 Psalmi
782 2391 927 2430 xxx.
957 2370 1172 2450 inquit,
1199 2377 1235 2404 “
1257 2370 1330 2430 In
1367 2378 1476 2431 tua
1497 2370 1753 2454 justitia
1780 2390 1877 2429 me

133 2460 172 2489 “
201 2474 362 2514 eme.
449 2452 562 2513 Est
608 2453 768 2522 enim
803 2452 1040 2531 justitia
1083 2452 1224 2525 Dei,
1266 2475 1403 2533 quae
1448 2465 1508 2512 et
1551 2463 1751 2512 nostra
1786 2453 1876 2526 fit,

134 2543 173 2572 “
200 2558 339 2597 cum
371 2534 628 2596 donatur
654 2536 847 2596 nobis.
919 2535 1068 2596 Ideo
1095 2547 1294 2595 autem
1326 2535 1444 2596 Dei
1464 2535 1701 2615 justitia
1728 2534 1877 2595 dici-

136 2626 173 2655 “
202 2630 320 2691 tur,
349 2641 425 2679 ne
455 2618 639 2679 homo
667 2641 793 2679 sese
822 2630 996 2700 putet
1026 2640 1060 2678 a
1089 2618 1169 2678 sei
1219 2640 1284 2677 so
1322 2619 1539 2678 habere
1556 2616 1877 2696 justitiam,

136 2708 174 2736 ‘⁶
201 2700 288 2761 sie
329 2700 489 2760 enim
532 2700 679 2761 dicit
714 2701 1016 2784 apostolus
1046 2640 1284 2775 Paufus,
1320 2700 1610 2762 Credenti
1643 2701 1709 2760 in
1743 2721 1879 2760 eum

138 2790 175 2819 “
203 2782 311 2880 qui
329 2780 647 2864 justificat
686 2784 955 2865 impium,
987 2784 1056 2844 id
1095 2785 1342 2866 estqui
1385 2805 1458 2844 ex
1498 2783 1680 2862 impio
1699 2779 1879 2864 facit

140 2873 456 2948 “ju-stum.
538 2865 603 2925 Si
651 2879 789 2948 agat
833 2879 1122 2947 tanquam
1166 2888 1242 2926 ex
1291 2866 1497 2949 regula
1547 2865 1696 2946 legis
1744 2885 1879 2946 pro-

140 2956 177 2985 “
206 2947 420 3031 posita,
460 2947 836 3009 damnandus
881 2960 972 3009 est
1018 2959 1312 3032 peccator.
1399 2948 1538 3008 Hac
1580 2947 1786 3029 regula
1828 2945 1879 3006 si

142 3039 180 3067 “
211 3042 431 3113 ageret,
473 3052 653 3111 quem
705 3031 1020 3114 liberaret?
1069 3053 1279 3092 omnes
1326 3030 1488 3091 enim
1539 3041 1879 3111 peccatores

142 3121 179 3149 “
212 3113 458 3174 invenit.
543 3113 685 3174 Hoc
726 3113 809 3175 ait
837 3115 1185 3196 Apostolus,
1220 3113 1444 3174 Omnes
1477 3118 1880 3193 peccaverunt

145 3205 183 3232 ‘⁶
215 3204 276 3256 et
305 3203 484 3279 egent
504 3194 712 3277 gloria
732 3196 879 3259 Dei.
952 3196 1115 3265 Quid
1144 3208 1255 3267 est,
1280 3208 1456 3278 egent
1472 3194 1680 3277 gloria
1702 3192 1882 3254 Dei?

145 3285 182 3314 “
212 3289 281 3339 ut
323 3278 450 3361 ipse
489 3277 717 3349 liberet,
744 3299 866 3337 non
897 3288 983 3352 tu,
1011 3278 1155 3359 quia
1182 3290 1248 3337 tu
1279 3290 1339 3338 te
1367 3299 1487 3337 non
1528 3288 1697 3357 potes
1734 3275 1883 3337 libe-

145 3367 183 3396 “
209 3382 357 3435 rare,
388 3359 617 3442 indiges
647 3359 975 3419 liberatore.
1060 3358 1226 3427 Quid
1255 3371 1347 3419 est
1374 3358 1535 3439 quod
1566 3371 1627 3419 te
1644 3357 1882 3438 jactas?

139 3450 183 3506 ‡“
210 3442 357 3524 quid
396 3453 486 3503 est
523 3440 684 3523 quod
722 3440 798 3501 de
835 3442 967 3522 lege
995 3452 1057 3501 et
1073 3441 1311 3520 justitia
1346 3440 1697 3524 praesumis?
1736 3440 1884 3502 Non

147 3532 187 3563 “
213 3524 379 3586 vides
407 3525 553 3607 quid
585 3524 745 3585 intus
773 3534 976 3585 tecum
1007 3523 1276 3607 pugnet?
1319 3544 1442 3584 non
1475 3522 1644 3606 audis
1682 3522 1885 3585 decer·-

148 3614 186 3655 -“
212 3617 463 3683 tantem,
504 3619 567 3670 et
613 3607 1025 3680 confitentem,
1065 3617 1131 3668 et
1167 3604 1529 3686 adjutorium
1572 3606 1638 3679 in
1680 3625 1885 3690 pugna

1643 3771 1675 3785 ae‘
