2418 4172
515 364 1053 420 AUGUSTANA
1104 364 1469 418 MDXXXI.
1761 368 1868 426 isa

121 506 322 580 fnisse,
347 504 510 586 quod
542 506 738 567 missae
774 504 1028 587 turpiter
1061 505 1599 587 prophanarentur‚
1631 506 1865 569 collatae

124 587 200 652 nd
228 599 547 669 quoestum.
616 588 837 668 Neque
857 586 1018 648 enim
1045 587 1367 648 obscurum
1400 598 1510 660 est,
1533 607 1718 667 quam
1750 588 1868 649 late

20 750 31 760 ·
123 679 329 755 pateat
374 670 474 731 bic
519 672 740 734 abusus
788 670 850 730 in
896 668 1178 730 omnibus
1221 669 1486 751 templis,
1516 691 1551 729 a
1592 669 1870 749 qualibus

123 752 501 815 celebrentur
548 752 762 826 missoe,
804 763 1041 812 tantum
1093 764 1337 833 propter
1380 752 1717 812 mercedem
1769 764 1872 813 aut

0 859 13 870 '
124 834 516 918 stipendium,
559 855 740 915 quam
790 834 964 895 multi
1009 846 1219 895 contra
1261 834 1648 894 interdictum
1695 856 1874 894 cano·

123 934 275 980 num
304 917 625 979 eelebrent.
695 917 916 978 Paulus
946 928 1150 977 autem
1183 917 1441 1011 graviter
1470 917 1732 977 minatur
1762 916 1873 991 bis,

126 999 231 1082 qui
281 998 525 1079 indigne
575 1011 833 1060 tractant
882 999 1326 1069 eucharistiam,
1375 1021 1515 1059 cum
1569 1000 1683 1059 ait:
1748 1000 1876 1064 Qui

127 1081 324 1144 ederit
341 1103 566 1164 panem
595 1082 770 1157 hunc,
799 1091 909 1143 aut
954 1082 1170 1143 biberit
1213 1082 1461 1143 calicem
1489 1081 1747 1143 Domini
1784 1083 1877 1142 im

126 1164 333 1249 digne,
383 1186 531 1226 reus
586 1166 704 1226 erit
769 1166 1038 1246 corporis
1101 1174 1159 1226 et
1223 1165 1547 1248 sanguinis
1602 1165 1876 1226 Domini.

127 1246 349 1331 Itaque
388 1269 528 1310 cum
574 1247 734 1331 apud
780 1270 887 1309 nos
932 1248 1396 1309 admonerentur
1432 1247 1766 1309 sacerdotes
1800 1247 1877 1308 de

129 1328 251 1391 boe
304 1342 571 1413 peccate,
613 1330 919 1391 desierunt
975 1330 1134 1413 apud
1191 1353 1299 1391 nos
1357 1331 1600 1413 privatae
1660 1331 1877 1403 missae,

132 1431 276 1555 gum
315 1411 441 1474 fere
483 1412 662 1474 nulloe
704 1413 950 1496 privatae
994 1413 1191 1475 missoe
1233 1413 1347 1474 nisi
1391 1426 1653 1495 quoestus
1700 1434 1879 1474 causa

177 1505 364 1556 erent.

213 1576 436 1670 Neque
477 1576 901 1659 ignoraverunt
944 1576 1054 1637 hos
1098 1579 1318 1638 abusus
1357 1578 1641 1659 episcopi,
1675 1576 1801 1657 qui,
1830 1574 1879 1635 si

128 1664 543 1720 correxissent·
567 1679 671 1718 eos
714 1658 778 1718 in
820 1668 1115 1740 tempore,
1139 1660 1340 1719 minus
1378 1681 1540 1720 nunc
1575 1670 1732 1718 esset
1759 1657 1882 1717 dis·

129 1738 499 1802 sensionum.
580 1740 781 1800 Antea
829 1762 937 1800 sua
985 1739 1462 1802 dissimulatione
1509 1741 1700 1800 multa
1734 1738 1882 1799 vitia

130 1821 291 1907 passi
334 1832 478 1883 sunt
518 1821 580 1882 in
624 1822 939 1883 ecclesiam
983 1844 1236 1905 serpere.
1321 1823 1509 1884 Nunc
1557 1843 1690 1882 sero
1734 1821 1884 1882 inci·

131 1904 313 1989 piunt
345 1903 514 1987 queri
551 1904 630 1965 de
666 1905 1109 1967 calamitatibus
1146 1905 1432 1978 ecclesiae,
1460 1927 1600 1967 cum
1646 1904 1748 1965 hic
1789 1914 1885 1965 tu-

132 1987 362 2050 multus
400 2008 523 2047 non
562 1986 806 2048 aliunde
842 1988 1124 2048 sumserit
1160 1988 1558 2061 occasionem,
1586 2009 1772 2069 quam
1807 2008 1884 2047 ex

134 2069 253 2131 illis
301 2069 607 2144 abusibus,
649 2070 754 2150 qui
796 2083 921 2131 tam
967 2070 1271 2131 manifesti
1313 2083 1501 2145 erant,
1538 2082 1606 2131 ut
1646 2070 1884 2131 tolerari

136 2152 398 2235 amplius
426 2173 549 2212 non
576 2164 839 2235 possent.
885 2152 1132 2234 Magnae
1159 2153 1556 2214 dissensiones
1579 2152 1655 2214 de
1683 2152 1885 2226 missa,

135 2233 216 2296 de
242 2245 616 2297 sacramento
643 2235 991 2296 extiterunt.
1061 2236 1339 2298 Fortasse
1359 2235 1463 2297 dat
1483 2258 1697 2319 poenas
1725 2235 1886 2296 orbis

137 2327 264 2381 um
313 2315 613 2378 diuturnoe
658 2317 1155 2401 prophanationis
1211 2319 1551 2389 missarum,
1594 2340 1779 2399 quam
1822 2318 1887 2378 in

137 2397 403 2461 ecelesiis
444 2410 537 2460 tot
578 2400 793 2461 seculis
834 2400 1236 2461 toleraverunt
1277 2401 1394 2475 isti,
1421 2402 1528 2482 qui
1567 2400 1888 2462 emendare

137 2492 220 2543 et·
244 2492 526 2564 poterant
569 2487 631 2543 et
678 2482 999 2544 debebant.
1084 2483 1250 2544 Nam
1296 2484 1359 2544 in
1391 2484 1705 2564 Decalogo
1743 2482 1888 2544 scri-

136 2574 315 2648 ptum
335 2575 467 2626 est:
517 2565 648 2630 Qui
669 2565 803 2626 Dei
821 2567 1061 2627 nomine
1085 2566 1380 2640 abutitur,
1402 2588 1521 2628 non
1549 2567 1668 2627 en’t
1695 2566 1889 2647 impu-

138 2647 323 2709 nim.
402 2648 490 2708 At
518 2648 595 2708 ab
624 2648 798 2709 initio
830 2649 1041 2710 mundi
1071 2650 1238 2710 nulla
1264 2671 1356 2710 res
1385 2649 1586 2710 divina
1615 2650 1700 2709 ita
1726 2648 1891 2709 vide-

141 2739 243 2791 tur
269 2751 539 2811 unquam
567 2730 644 2791 ad
672 2742 970 2812 quaestum
1001 2732 1218 2793 collata
1245 2732 1450 2805 fuisse,
1480 2744 1549 2793 ut
1578 2732 1776 2791 missa.

224 2812 498 2873 Accessit
531 2834 570 2872 o
613 2813 757 2888 inio,
785 2836 922 2895 quoe
957 2815 1127 2876 auxit
1165 2814 1425 2898 privatas
1462 2815 1673 2874 missas
1702 2814 1765 2872 in
1797 2812 1891 2873 in-

145 2893 408 2968 finitum,
433 2835 712 2956 videlieet
739 2897 903 2977 quod
932 2897 1213 2959 Christus
1237 2919 1344 2958 sua
1367 2897 1642 2979 passione
1662 2894 1895 2955 satisfe-

145 2976 295 3037 cerit
334 2998 444 3059 pro
484 2988 734 3060 peceato
774 2980 1041 3062 originis,
1068 2991 1131 3041 et
1170 2980 1495 3040 instituerit
1534 2979 1801 3051 missam,
1828 2977 1891 3037 in

146 3079 268 3139 qua
293 3058 465 3120 fieret
489 3059 716 3121 oblatio
785 3083 854 3123 ro
872 3062 1237 3144 quotidianis
1259 3062 1514 3135 delictis,
1536 3060 1892 3123 mortalibus

146 3152 209 3202 et
253 3141 599 3203 venialibus.
756 3144 858 3206 inc
899 3146 1168 3206 manavit
1203 3146 1446 3228 publica
1478 3144 1702 3227 opini0‚
1729 3141 1893 3223 quod

150 3224 334 3285 missa
374 3224 453 3285 sit
492 3245 648 3306 opus
690 3225 896 3288 delens
934 3240 1183 3312 peccata
1219 3231 1491 3288 vivorum
1528 3239 1590 3287 et
1627 3238 1894 3286 mortuo-

22 3369 39 3387 ,
148 3328 286 3367 rum
315 3327 391 3367 ex
419 3328 599 3390 opere
625 3320 889 3390 operato.
977 3310 1104 3371 Hic
1141 3333 1236 3372 coe
1283 3322 1415 3371 tum
1454 3320 1548 3369 est
1582 3308 1896 3393 disputari,

15 3561 34 3578 ¹-

6 3584 45 3613 2²2

8 3605 47 3739 ἒ

37 3676 43 3688 0

0 3747 11 3757 ’ν
25 3749 36 3762 U

23 3802 49 3837 a.

20 4022 69 4060 β,

18 4125 36 4159 «ς
91 4143 100 4149 .

147 3399 351 3451 utrum
393 3412 511 3452 una
541 3392 724 3451 missa
749 3390 912 3453 dicta
940 3414 1051 3475 pro
1079 3393 1236 3474 pluri
1284 3415 1373 3466 us,
1401 3390 1759 3453 tantundem
1796 3411 1896 3452 va-

148 3472 288 3548 leat,
315 3484 612 3555 quantum
655 3474 910 3557 singulm
942 3496 1055 3558 pro
1086 3475 1355 3557 singulis.
1443 3475 1599 3537 Haec
1625 3473 1896 3557 disputa-

151 3554 237 3616 tio
340 3557 498 3639 perit
524 3555 703 3618 istam
736 3557 1035 3619 infinitam
1067 3557 1518 3620 multitudinem
1549 3557 1885 3619 missarum.

232 3577 342 3701 lg
361 3639 456 3701 his
482 3640 869 3723 opinionibus
897 3641 1084 3703 nostri
1107 3640 1567 3716 admonuerunt,
1587 3639 1750 3722 quod
1772 3639 1896 3702 dis·
2012 3686 2020 3690 -

1681 3775 1715 3787 l
