2418 4172
756 382 1299 437 HELVETICA.
1833 390 1902 445 19

238 529 486 609 Quapro
532 535 622 586 ter
658 547 778 585 non
810 524 1075 607 patimur
1112 547 1220 585 nos
1258 524 1316 584 in
1348 527 1759 586 controversiis
1780 527 1903 588 Re-

155 608 397 703 ligionis
426 630 497 668 ve
550 607 688 669 fidei
732 608 924 668 causis
957 608 1152 690 urgeri
1185 606 1360 667 nudis
1391 608 1633 667 Patrum
1667 621 1902 669 senten·

154 691 276 764 tiis,
306 703 412 751 aut
446 691 855 752 Conciliorum
900 689 1522 760 determinationibus,
1555 690 1747 750 multo
1788 692 1903 750 mi·-

153 794 269 835 nus
301 773 555 856 receptis
585 772 1136 843 consuetudinibus,
1165 785 1268 832 aut
1302 772 1483 832 etiam
1518 771 1905 833 multitudine

154 854 316 917 idem
347 857 756 929 sentientium,
785 867 886 916 aut
923 854 1087 936 longi
1124 855 1412 937 temporis
1441 854 1906 938 praescriptione.

153 937 324 1023 Ergo
355 959 480 999 non
521 939 708 999 alium
741 938 1104 999 sustinemus
1135 938 1196 998 in
1235 959 1415 998 causa
1444 937 1583 998 fidei
1612 937 1908 1016 judicem,

110 1042 114 1048 ·
154 1041 339 1116 quam
376 1043 579 1104 ipsum
608 1021 834 1094 Deum,
863 1043 971 1114 per
1005 1021 1342 1165 Scripturas
1381 1033 1615 1081 sanctas
1645 1042 1909 1103 pronun-

155 1113 439 1178 mantem,
466 1103 611 1186 quid
643 1125 848 1164 verum
884 1116 979 1176 sit,
1009 1103 1112 1184 qui
1193 1104 1433 1177 falsum,
1475 1103 1621 1184 quid
1658 1125 1914 1185 sequen-

156 1185 306 1250 dum
349 1186 445 1261 sit,
487 1186 708 1268 quidve
748 1186 1125 1270 fugiendum.
1214 1186 1309 1247 Ita
1341 1186 1588 1266 judiciis
1631 1208 1751 1247 non
1796 1186 1910 1247 nisi

157 1268 556 1365 spritualium
589 1269 908 1331 hominum
941 1291 1017 1330 cx
1041 1271 1225 1330 verbo
1253 1269 1371 1330 Dei
1397 1270 1600 1352 petitis
1640 1269 1912 1351 acquies-

157 1373 373 1416 clmus.
430 1352 727 1413 Jeremias
757 1364 917 1413 certe
943 1353 1262 1433 caeterique
1290 1353 1601 1435 prophetae
1639 1352 1913 1413 sacerdo-

161 1446 294 1498 tum
340 1435 611 1510 concilia,
660 1448 867 1496 contra
904 1436 1100 1518 legem
1156 1435 1274 1496 Dei
1322 1435 1614 1509 instituta,
1665 1435 1915 1496 damna-

163 1529 308 1580 runt
333 1518 606 1600 graviter,
635 1540 705 1578 ac
733 1529 1098 1578 monuerunt
1135 1517 1469 1599 diligenter,
1498 1540 1574 1579 ne
1601 1518 1914 1579 audiamus

155 1599 388 1675 Patres,
404 1611 508 1660 aut
538 1599 883 1660 insistamus
904 1599 1015 1660 viae
1038 1601 1298 1673 illorum,
1366 1600 1424 1659 ui
1457 1600 1517 1659 in
1548 1601 1670 1661 suis
1700 1602 1917 1661 ambu-

161 1681 363 1745 lantes
390 1681 914 1742 adinventionibus
944 1704 977 1741 a
1008 1682 1140 1763 lege
1167 1682 1286 1741 Dei
1316 1622 1709 1742 deflexerunt.

239 1764 469 1828 Pariter
483 1763 872 1847 repudiamus
894 1764 1245 1824 traditiones
1266 1764 1583 1839 humanas,
1604 1786 1740 1846 quae
1758 1775 1916 1825 tam-

161 1847 274 1910 eui
313 1847 713 1930 insigniantur
745 1847 1029 1929 speciosis
1062 1847 1273 1920 titulis,
1300 1848 1470 1928 quasi
1514 1848 1733 1908 divinae
1776 1869 1919 1930 apo-

162 1930 515 2013 stolicaeque
542 1930 680 2004 sint,
701 1930 835 1990 viva
863 1952 1009 1990 voce
1038 1931 1467 2013 apostolorum,
1511 1953 1615 1991 seu
1658 1953 1766 2014 per
1794 1952 1921 1990 tna-

163 2035 280 2075 nus
320 2013 585 2074 virorum
638 2013 1124 2095 apostolicorum,
1168 2013 1627 2074 succedentibus
1690 2014 1921 2097 episco-

164 2097 261 2181 pis
280 2095 574 2158 Ecclesiae
596 2095 828 2157 traditae
849 2122 864 2166 3
888 2096 1239 2179 compositae
1257 2107 1462 2157 tamen
1485 2118 1624 2157 cum
1647 2097 1922 2179 Scriptu-

97 2220 107 2228 ·
166 2179 267 2254 ris²
294 2179 372 2240 ab
395 2178 488 2239 his
516 2178 876 2262 discrepant,
905 2179 1424 2261 discrepantiaque
1453 2179 1556 2240 illa
1584 2201 1690 2239 sua
1719 2191 1921 2240 osten-

167 2261 341 2333 dunt,
370 2283 433 2322 se
462 2261 715 2322 minime
744 2284 872 2321 esse
902 2262 1277 2344 apostolicas
1367 2262 1540 2322 Sicut
1568 2263 1730 2323 enim
1777 2284 1923 2405 apo-⁸-

1845 2366 1922 2406 1c1

2 2382 6 2390 ·
88 2352 92 2353 ⁷
168 2344 309 2406 stoli
334 2344 492 2405 inter
519 2366 583 2403 se
611 2344 843 2404 diversa
870 2365 990 2404 non
1020 2344 1374 2418 docuerunt,
1405 2345 1488 2406 ita
1517 2355 1579 2404 et
1607 2356 1818 2439 aposto

167 2449 292 2489 non
342 2426 639 2488 contraria
689 2427 974 2509 apostolis
1026 2426 1363 2487 ediderunt.
1471 2428 1767 2496 Quinimo
1808 2428 1926 2488 im·

168 2510 339 2593 pium
382 2520 538 2571 esset
566 2531 897 2570 asseverare
927 2510 1253 2593 Apostolos
1292 2510 1428 2571 viva
1456 2532 1603 2571 voce
1632 2509 1926 2571 contraria

54 2598 60 2606 '
170 2592 407 2687 scriptis
448 2592 571 2653 suis
614 2592 946 2654 tradidisse.
1033 2593 1253 2654 Paulus
1282 2592 1500 2654 diserte
1535 2592 1686 2654 dicit
1711 2593 1923 2653 eadem

171 2697 236 2736 se
262 2697 328 2737 m
355 2675 639 2736 omnibus
668 2675 959 2736 Ecclesiis
987 2675 1282 2737 docuisse.
1366 2667 1460 2738 Et‘
1480 2676 1734 2737 iterum:
1779 2676 1926 2736 Non

172 2757 323 2833 alia,
362 2758 579 2840 inquit,
609 2759 932 2820 scribimus
970 2760 1136 2820 vobis
1177 2781 1358 2841 quam
1400 2782 1528 2842 qum
1572 2759 1775 2843 legitis
1817 2771 1926 2820 aut

173 2842 359 2903 etiam
396 2842 743 2925 agnoscitis,
829 2842 994 2902 Alibi
1044 2864 1244 2903 rursus
1280 2854 1535 2903 testatur
1570 2865 1632 2902 se
1662 2854 1723 2902 et
1750 2842 1929 2902 disci-

173 2924 349 3007 pulos
373 2946 531 2999 suos,
554 2924 614 2986 id
646 2936 755 2998 est,
781 2924 939 2987 viros
968 2926 1347 3008 apostolicos,
1376 2925 1585 2985 eadem
1620 2925 1929 2985 ambulare

175 3007 292 3082 via,
318 3018 381 3069 et
405 3007 620 3071 eodem
653 3007 881 3090 Spiritu
968 3009 1144 3069 ariter
1172 3008 1366 3069 facere
1404 3008 1625 3069 omnia.
1715 3007 1930 3068 Habu-

177 3099 356 3162 erunt
422 3090 685 3160 nondam
717 3091 891 3152 etssu
937 3092 1008 3152 aei
1045 3114 1181 3152 suas
1210 3091 1560 3152 traditiones
1608 3090 1930 3164 seniorum,

180 3169 284 3232 sed
463 3183 603 3238 tatae
658 3186 801 3235 sunt
847 3174 1105 3257 graviter
1154 3198 1189 3235 a
1235 3174 1528 3248 Domine,
1578 3172 1931 3234 ostendente

226 3275 263 3314 u

180 3252 345 3400 guod
371 3257 943 3318 earum=observatio
983 3258 1099 3339 legi
1132 3257 1252 3318 Dei
1284 3256 1526 3333 officiat,
1555 3268 1614 3316 et
1645 3254 1739 3315 his
1758 3254 1931 3316 Deus

278 3346 398 3398 stra
427 3337 672 3397 colatur.

1006 3773 1041 3811 C
1076 3766 1109 3813 2
1658 3784 1713 3814 ’κ
