2418 4172
500 353 613 413 ³94
1091 349 1655 404 OATECHESIS

500 493 830 557 necessaria
845 504 890 569 ¹¹,
918 503 987 554 ut
1026 514 1134 575 per
1164 513 1237 553 ea
1274 501 1671 574 ‘agnoscamus
1711 499 1774 551 te
1815 489 2062 551 unicum
2103 489 2244 551 fon-

501 589 627 640 tem
658 599 806 649 esse,
834 599 910 638 ex
949 597 1071 657 quo
1109 574 1315 635 omnia
1344 576 1500 635 bona
1541 582 1828 634 emanant
1844 582 1891 646 ⁸,
1917 593 1989 633 ac
2022 572 2137 633 nisi
2174 582 2244 633 tu

502 660 838 730 benedicas,
887 680 1132 719 omnem
1190 670 1453 718 nostram
1513 678 1713 717 curam
1774 665 1838 714 et
1889 653 2243 715 industriam

502 755 684 824 atque
725 742 873 804 adeo
915 753 1020 802 tua
1064 741 1249 824 ipsius
1278 739 1436 800 dona
1478 739 1651 798 nobis
1690 736 1949 798 infelicia
1976 747 2040 798 et
2065 736 2247 812 noxia

502 837 708 887 esser:
754 837 1118 907 quapropter
1143 823 1239 897 da,
1272 834 1338 883 ut
1366 822 1646 883 fiduciam
1685 832 1970 893 nostram,
1998 818 2076 880 ab
2115 839 2248 880 om-

502 908 680 970 nibus
710 907 994 970 creaturis
1025 927 1311 979 aversam,
1340 905 1401 965 in
1432 917 1491 966 te
1521 904 1650 964 solo
1680 903 2047 964 collocemus
2065 911 2107 961 κ.

592 989 728 1053 126.
765 990 915 1055 ΟΜ
943 997 1035 1050 est
1059 989 1276 1072 quinta
1294 988 1514 1069 petitio
1537 988 1575 1047 9

586 1073 859 1136 Remitte
893 1071 1063 1132 nobis
1090 1070 1291 1131 debita
1327 1078 1557 1144 nostra,
1582 1069 1742 1130 sieut
1771 1076 1829 1129 et
1855 1088 1964 1128 nos
1987 1065 2250 1128 remitti-

502 1177 638 1218 mus
666 1154 1033 1216 debitoribus
1058 1153 1285 1213 nostris
1303 1176 1325 1212 .-
1371 1152 1488 1212 hoc
1525 1163 1635 1225 est,
1663 1150 1860 1211 Nobis
1905 1147 2248 1210 miserrimis

500 1237 935 1321 peccatoribus,
962 1235 1167 1295 omnia
1194 1244 1440 1317 peccata
1467 1243 1668 1293 nostra
1695 1243 1876 1313 atque
1899 1253 2035 1292 eam
2062 1231 2246 1292 etiam

546 1319 878 1393 ravitatem,
907 1340 1042 1399 quae
1088 1317 1151 1377 in
1191 1316 1362 1377 nobis
1400 1315 1731 1376 etiamnum
1776 1314 1981 1386 boeret,
2006 1335 2051 1396 p
2159 1323 2252 1374 ter

476 1343 731 1464 &bristi
789 1401 1144 1484 sanguinem
1203 1420 1280 1459 ne
1337 1398 1600 1480 imputes
1621 1410 1677 1457 ⁸:
1735 1394 2060 1478 quemadm
2144 1416 2249 1456 um

503 1507 614 1546 nos
644 1506 887 1566 quoque
930 1484 1048 1544 hoc
1088 1493 1212 1543 tuae
1255 1481 1463 1564 gratiae
1507 1479 1922 1541 testimonium
1962 1478 2024 1539 in
2058 1476 2253 1539 cordi-

503 1569 618 1629 bus
661 1566 877 1629 nostris
922 1565 1232 1639 sentimus,
1266 1562 1429 1646 quod
1471 1563 1724 1624 firmiter
1765 1561 1940 1623 nobis
1981 1559 2254 1645 proposi-

504 1662 638 1713 tum
697 1650 1010 1723 habemus,
1057 1647 1358 1722 omnibus,
1406 1646 1509 1727 qui
1569 1668 1677 1707 nos
1731 1643 2127 1718 offenderunt,
2172 1663 2249 1705 ex

505 1733 709 1795 animo
737 1733 1046 1815 ignoscere
1063 1730 1107 1791 b.

597 1827 733 1891 127.
770 1815 921 1880 Quae
948 1822 1040 1875 est
1065 1820 1239 1885 sexta
1259 1812 1478 1893 petitio
1500 1812 1539 1871 9

589 1898 695 1960 Ne
735 1918 842 1959 nos
883 1897 1137 1958 inducas
1172 1896 1239 1956 in
1276 1895 1686 1967 tentationem,
1711 1891 1822 1952 sed
1844 1891 2039 1954 libera
2074 1913 2186 1954 nos
2211 1912 2252 1954 a

506 1979 707 2042 malo.-
753 1980 870 2041 hoc
897 1990 1007 2052 est,
1037 1977 1343 2047 Quoniam
1374 1975 1488 2059 ipsi
1518 1986 1729 2035 natura
1758 1973 1908 2034 adeo
1934 1973 2163 2036 debiles
2190 1986 2254 2036 et

506 2062 731 2124 infirmi
774 2082 1000 2135 sumus,
1042 2071 1112 2121 ut
1156 2080 1233 2119 ne
1283 2068 1594 2119 momento
1635 2055 1883 2137 quidem
1933 2056 2254 2118 subsistere

506 2146 807 2230 possimus
824 2154 885 2215 ⁰3
915 2140 1302 2205 infensissimi
1332 2152 1534 2202 autem
1567 2139 1767 2200 hostes
1796 2139 2002 2214 nostri,
2022 2138 2254 2214 Satan⁶,

508 2227 771 2290 mundus
787 2238 831 2301 0,
859 2249 929 2288 ac
971 2236 1173 2286 nostra
1215 2224 1480 2307 ipsorum
1514 2244 1652 2284 caro
1669 2221 1706 2297 f,
1736 2242 1843 2282 nos
1872 2221 2251 2284 continenter

506 2320 894 2395 oppugnant:
939 2320 1008 2370 tu
1050 2330 1160 2369 nos
1188 2317 1518 2381 ¹sustentes,
1546 2316 1607 2366 et
1634 2305 1895 2388 Spiritus
1922 2305 2013 2366 tui
2042 2306 2256 2366 robore

508 2396 731 2469 firmes,
776 2414 852 2453 ne
901 2394 965 2453 in
1015 2391 1131 2452 hoc
1178 2412 1206 2450 s
1253 2389 1470 2451 irituali
1522 2387 1847 2450 certamine
1897 2389 2255 2450 succumba-

508 2498 647 2538 mus
663 2487 708 2549 8,
750 2475 853 2536 sed
899 2474 1129 2535 fortiter
1170 2472 1210 2532 il
1239 2472 1287 2532 is
1327 2472 1619 2554 tantisper
1658 2470 2022 2546 resistamus,
2061 2470 2255 2532 donec

510 2559 807 2641 integram
838 2556 1082 2617 tandem
1114 2554 1425 2615 victoriam
1456 2553 1836 2614 obtineamus
1853 2551 1900 2613 Β.

603 2651 738 2702 128.
774 2638 1087 2705 Quomodo
1117 2636 1423 2698 concludis
1442 2637 1851 2717 precationem
1879 2642 2051 2696 tuam
2071 2636 2112 2696 9

599 2724 768 2789 Quia
811 2730 984 2783 tuum
1023 2728 1111 2781 est
1146 2741 1423 2801 regnum,
1450 2727 1510 2779 et
1528 2719 1822 2800 potentia,
1850 2726 1911 2779 et
1932 2716 2161 2800 gloria,
2189 2717 2257 2779 in

509 2805 717 2869 semla
737 2830 758 2867 .-
792 2807 908 2865 hoc
935 2815 1043 2878 est,
1064 2802 1290 2864 Omnia
1321 2803 1451 2863 haec
1479 2814 1602 2863 ate
1631 2801 1913 2884 petimus,
1986 2801 2085 2862 uia
2113 2821 2256 2862 cum

511 2901 575 2951 ct
603 2889 740 2951 Rex
768 2898 988 2961 noster,
1015 2897 1078 2947 et
1105 2886 1489 2969 omnipotens
1519 2885 1616 2958 sis,
1644 2883 1850 2945 omnia
1878 2906 1959 2944 no
2004 2883 2052 2944 is
2080 2895 2144 2944 et
2166 2884 2256 2944 vis

510 2984 573 3035 et
602 2983 772 3056 potes
812 2968 1071 3053 largiri¹2
1116 2981 1297 3050 atquc
1341 2968 1468 3029 brec
1510 2966 1756 3048 quidem
1801 2965 1936 3027 ideo
1977 2966 2258 3050 petimus,

582 3181 605 3206 ⁸
641 3171 763 3222 Psal.
788 3170 875 3221 civ.
898 3185 977 3236 27.
1002 3173 1079 3220 28.
1102 3181 1153 3221 et
1174 3171 1291 3221 cxlv.
1321 3186 1394 3235 15,
1423 3172 1496 3220 16.
1553 3171 1696 3220 Matt.
1722 3169 1779 3217 vi.
1808 3182 1887 3233 25,
1909 3169 1987 3218 26.
2103 3174 2126 3199 ⁸
2147 3168 2255 3217 Act.

512 3239 620 3289 xvii.
649 3254 726 3304 27,
755 3240 832 3289 28.
858 3249 909 3289 et
928 3238 1019 3288 xiv.
1043 3253 1116 3301 17.
1272 3248 1293 3280 Υ
1325 3255 1342 3287 1
1365 3242 1477 3287 Cor.
1502 3254 1572 3286 xv.
1599 3239 1679 3301 58.
1736 3237 1883 3286 Deut.
1909 3234 2000 3285 viii.
2024 3251 2072 3299 3.
2132 3233 2256 3283 Pssl.

513 3306 881 3371 xxxvii.16,17.
1004 3315 1024 3339 ⁸
1061 3304 1183 3354 Psal.
1210 3305 1267 3354 lv.
1299 3321 1375 3354 22.
1401 3318 1451 3355 et
1473 3304 1566 3354 lxii.
1591 3320 1665 3354 io.
1790 3312 1808 3335 ⁸
1844 3302 1969 3353 Pssl.
1993 3302 2046 3352 li.
2080 3316 2121 3359 1,
2145 3314 2255 3363 1,,3.

513 3385 563 3424 et
585 3373 723 3423 cxliii.
746 3390 792 3423 α.
847 3389 864 3422 1
885 3373 996 3422 Joh.
1021 3371 1069 3421 ii.
1096 3388 1139 3429 1,
1159 3389 1205 3422 2.
1319 3373 1343 3404 δ
1379 3373 1523 3422 Matr..
1551 3371 1608 3420 vi.
1633 3387 1707 3433 14,
1734 3383 1806 3434 15.
1921 3377 1941 3402 ⁶
1973 3370 2089 3419 Joh.
2110 3382 2182 3416 xv.
2206 3379 2254 3430 5.

515 3441 641 3491 Psal.
666 3441 760 3493 ciii.
783 3456 858 3503 14,
887 3454 960 3504 15.
986 3440 1063 3489 16.
1219 3437 1242 3471 ⁸¹
1274 3456 1291 3489 1
1316 3441 1416 3489 Pet.
1444 3457 1486 3489 v.
1515 3439 1561 3488 8.
1620 3439 1745 3504 ΕρΙι.
1771 3439 1831 3485 vi.
1860 3452 1935 3486 12.
2086 3438 2110 3465 ⁶
2139 3432 2254 3482 soh.

515 3524 587 3556 xv.
613 3523 688 3572 ¹9·
860 3508 875 3540 ¹
908 3508 1053 3557 Rom.
1077 3507 1154 3556 vii.
1185 3522 1263 3570 23.
1333 3507 1439 3556 Gal.
1467 3524 1509 3554 v.
1543 3520 1618 3569 17.
1802 3512 1825 3546 ⁸
1857 3504 2002 3554 Μαι.
2027 3498 2148 3550 xxvi·
2171 3514 2254 3561 41.

514 3574 667 3623 Marc.
692 3572 788 3623 xiii.
814 3589 895 3638 33.
1033 3572 1055 3604 *¹
1087 3591 1105 3624 1
1135 3574 1303 3625 Thess.
1328 3573 1395 3624 iii.
1422 3589 1496 3637 13.
1520 3584 1571 3623 et
1593 3589 1635 3621 v.
1664 3587 1743 3635 ²3·
1771 3585 1847 3632 24.
1996 3567 2008 3599 ⁸
2041 3566 2189 3616 Rom·
2210 3582 2255 3614 x·

525 3654 598 3695 11.
624 3655 698 3690 ia.
760 3654 786 3688 α
811 3642 916 3690 Pet.
940 3640 988 3689 ii.
1013 3656 1063 3705 9.
