2418 4172
547 343 656 400 868
1143 347 1700 403 CATECHESIS

1205 611 1330 675 DE
1372 611 1629 675 FILIO.

627 749 727 813 29.
778 736 989 802 Quare
1015 734 1217 797 Filius
1245 735 1375 798 Dei
1414 735 1765 818 appellatur
1787 735 1995 811 Jem,
2031 737 2142 802 Ιιοο
2174 748 2283 812 est.

543 819 942 973 sagi‘iitgrnpos
991 901 1181 963 salvat
1227 902 1304 963 ab
1353 901 1636 963 omnibus
1681 902 1940 986 peccatis
1985 901 2282 964 nostri-¹¹2

540 1006 654 1081 nee
682 986 806 1048 ulla
833 984 991 1105 sallus
1020 985 1112 1044 vel
1149 984 1274 1068 peti
1317 985 1556 1046 aliunde
1583 984 1783 1059 debet,
1811 986 1903 1047 vel
1943 985 2085 1047 alibi
2116 1008 2284 1070 repe-

540 1077 1052 1211 nnafftgrteilunt
1078 1167 1156 1207 ne
1182 1146 1380 1230 igitur
1406 1148 1502 1209 illi
1529 1149 1594 1210 in
1621 1149 1866 1210 unicum
1896 1150 2282 1212 &maiorem

535 1232 772 1301 Jesum,
801 1230 909 1312 qui
936 1251 976 1289 a
1002 1229 1251 1303 sanctis,
1280 1238 1390 1291 aut
1417 1251 1458 1291 a
1481 1251 1564 1302 se,
1594 1238 1705 1291 aut
1741 1230 1996 1292 aliunde
1998 1231 2281 1315 sollcita-

538 1322 660 1375 tem
686 1312 1022 1374 salutemve
1046 1320 1326 1394 quoerunt
1343 1313 1383 1372 Ρ

618 1395 804 1457 Non:
846 1394 980 1456 Etsi
1024 1393 1187 1455 enim
1218 1395 1400 1456 verbo
1427 1394 1673 1478 quidem
1709 1417 1782 1455 eo
1810 1396 2123 1472 Servetore
2149 1396 2281 1479 glo·

534 1480 781 1554 riantur,
811 1500 872 1540 re
900 1477 916 1539 i
964 1499 1030 1538 sa
1056 1487 1259 1538 tamen
1291 1479 1592 1561 abnegant
1629 1478 1872 1540 unicum
1905 1478 2280 1541 Servatorem

531 1562 748 1623 Jesum
770 1572 830 1623 ³¹².
982 1582 1182 1622 ecesse
1224 1571 1316 1622 est
1357 1561 1542 1656 (1111111ζ
1579 1572 1683 1622 aut
1721 1561 1935 1623 Jesum
1986 1583 2107 1622 non
2149 1584 2280 1624 esse

533 1643 1292 1819 ffizfessffioeiffiffiffl
1310 1655 1523 1788 2333
1530 1643 2118 1809 ἐξῖῗωὸἷῗὲἷῧῗὲζ
2141 1665 2280 1810 ξίἓ

534 1809 609 1871 ad
641 1809 895 1871 salutem
929 1818 1311 1890 requiruntur
1326 1819 1371 1870 ¹¹.

614 1904 717 1955 31.
766 1891 984 1959 Qum-e
1009 1889 1360 1973 appellatur
1383 1890 1688 1961 Christus,
1709 1889 1819 1952 Ιιοσ
1847 1898 1958 1965 est,
1974 1899 2194 1953 anem
2211 1891 2251 1951 9

617 1974 800 2044 Quod
843 1996 879 2035 s.
922 1974 1095 2033 Patre
1137 1971 1464 2047 ordinatus,
1507 1983 1567 2033 et
1609 1972 1656 2033 S
1700 1972 1839 2033 iritu
1865 1972 2090 2034 Sancto
2129 1995 2278 2036 une-

532 2068 678 2119 tus⁰
729 2056 807 2117 sit
850 2076 1126 2116 summus
1165 2054 1465 2138 Propheta
1506 2076 1576 2115 sc
1682 2065 1850 2116 octor
1865 2065 1913 2128 P,
1996 2055 2058 2116 ui
2104 2055 2276 2118 nobis

532 2161 817 2201 arcanum
848 2137 1168 2199 consilium
1206 2149 1269 2198 et
1307 2159 1552 2199 omnem
1582 2137 1952 2198 voluntatem
2033 2137 2175 2199 stris
2199 2137 2278 2200 de

530 2220 945 2304 redemptione
994 2220 1178 2281 nostri
1229 2219 1593 2303 patefecitq:
1644 2231 1707 2281 et
1756 2242 2031 2282 summus
2074 2220 2279 2282 Ponti-

530 2305 631 2367 fex
647 2317 688 2379 Γ,
715 2305 820 2387 qui
863 2325 972 2365 nos
1013 2302 1197 2364 unico
1239 2303 1531 2366 sacrificio
1572 2303 1663 2364 sui
1704 2302 1966 2386 eorporis
2003 2302 2277 2379 redemit,

531 2386 886 2470 assidueque
927 2409 1037 2471 pro
1081 2385 1253 2446 nobis
1303 2386 1463 2470 apud
1507 2386 1743 2447 Patrem
1790 2385 2171 2448 intercedit⁸:
2214 2397 2277 2448 et

532 2471 687 2546 Rex,
715 2470 818 2552 qui
859 2492 970 2531 nos
1013 2491 1122 2530 suo
1151 2470 1333 2530 verbo
1371 2482 1432 2531 et
1460 2468 1687 2553 Spiritu
1716 2469 2028 2551 gubernat,
2055 2481 2119 2531 et
2142 2491 2278 2552 per—

530 2564 657 2615 tam
686 2553 859 2613 nobis
888 2553 1140 2613 salutem
1174 2563 1375 2613 tuetur
1403 2575 1472 2613 ac
1501 2562 1811 2613 conservat
1828 2557 1863 2611 ².

613 2647 713 2697 32.
767 2634 898 2695 Cur
923 2656 1066 2696 vero
1096 2642 1164 2695 tu
1200 2634 1588 2695 Christianus
1616 2631 2005 2716 appellaris?

614 2716 793 2788 Quod
825 2738 931 2800 per
959 2715 1139 2778 fidem
1182 2718 1521 2779 membrum
1553 2738 1687 2777 sum
1715 2717 1865 2778 Jesu
1895 2715 2120 2777 Christi
2139 2725 2187 2790 ⁸³,
2212 2728 2275 2778 et

532 2799 830 2863 unctionis
860 2799 1045 2883 ipsius
1075 2799 1372 2882 particeps
1389 2811 1437 2876 ¹,
1465 2810 1532 2860 ut
1567 2809 1629 2860 et
1667 2820 1886 2860 nomen
1928 2797 2058 2880 ejus
2084 2799 2273 2860 confl-

531 2894 656 2946 tear
672 2894 718 2958 Υ,
761 2903 978 2965 meque
1021 2880 1227 2944 sistam
1272 2882 1384 2965 ipsi
1424 2882 1619 2944 vivam
1665 2880 2045 2964 gratitudinis
2089 2881 2275 2943 hosti-

599 3093 622 3128 *
657 3097 800 3146 Mett.
822 3097 853 3146 i.
877 3112 955 3145 11.
993 3094 1213 3146 Ηοὺ.νίἰ.
1239 3112 1316 3158 ²4·
1336 3109 1423 3212 ah
1504 3094 1515 3127 ¹
1539 3095 1645 3145 Act.
1666 3094 1723 3144 iv.
1747 3112 1763 3145 1
1782 3112 1820 3151 1.
1847 3112 1922 3146 11.
2005 3105 2042 3129 ¹¹⁸
2072 3112 2090 3145 1
2111 3094 2271 3146 Cani.

538 3181 613 3229 13,
634 3180 715 3228 30,
735 3179 816 3227 31.
873 3163 983 3213 Gal.
1003 3180 1047 3212 v.
1070 3178 1119 3225 4.
1314 3170 1335 3193 ¹¹
1426 3164 1501 3212 eb.
1525 3162 1600 3212 xii.
1626 3179 1670 3212 1.
1728 3163 1820 3212 1⁸⁸.
1845 3162 1905 3213 ix.
1920 3163 1970 3213 6.
1993 3174 2043 3213 et
2061 3162 2174 3213 xliii.
2195 3178 2212 3213 1
2228 3178 2270 3220 1.

534 3245 613 3296 15.
672 3231 856 3281 Coloss.
880 3229 910 3280 i.
937 3247 953 3280 1
997 3266 1012 3288 ,
1041 3246 1120 3280 1ο.
1148 3239 1198 3279 et
1221 3229 1268 3279 ii.
1297 3246 1370 3279 ιο.
1435 3231 1547 3279 Joh.
1573 3228 1601 3278 i.
1627 3231 1699 3279 16.
1905 3236 1928 3260 ⁰
1961 3230 2084 3280 Pul.
2108 3229 2199 3281 xlv.
2223 3231 2269 3279 8.

532 3298 661 3348 neb.
687 3297 719 3347 i.
736 3315 784 3363 9.
894 3306 916 3340 Ρ
1030 3307 1097 3347 ut.
1122 3296 1241 3346 xviii.
1268 3311 1340 3362 15.
1360 3307 1409 3346 et
1432 3298 1538 3346 Aet.
1561 3295 1626 3346 iii.
1650 3312 1727 3346 11.
1752 3308 1801 3347 et
1824 3296 1904 3346 vii.
1915 3312 1997 3361 37.
2101 3303 2125 3337 ἢ
2157 3296 2272 3346 Joh.

530 3365 560 3415 ἰ.
586 3367 660 3415 18.
684 3375 734 3415 et
756 3382 827 3414 xv.
855 3380 930 3430 15.
986 3364 1131 3414 Matt.
1158 3364 1218 3413 xi.
1246 3379 1324 3428 17.
1482 3371 1500 3395 '
1537 3363 1747 3413 Pschcx.
1767 3380 1815 3426 4.
1876 3364 2004 3415 Heb.
2022 3362 2098 3414 vii.
2120 3378 2197 3413 11.
2220 3376 2271 3412 et

529 3450 573 3481 x.
603 3448 675 3481 11.
791 3439 810 3463 ·
844 3433 990 3482 Rom.
1010 3430 1102 3482 viii.
1123 3447 1203 3495 34.
1228 3442 1277 3481 et
1294 3448 1336 3480 v.
1357 3447 1406 3497 9,
1433 3448 1508 3481 10.
1627 3437 1641 3464 ῑ
1676 3431 1800 3480 Psnl.
1824 3430 1871 3481 ii.
1892 3433 1941 3481 6.
1996 3431 2115 3480 Luc.
2133 3428 2167 3479 i.
2184 3445 2268 3493 33.

528 3500 674 3548 Matt.
700 3498 851 3548 xxviii.
874 3500 948 3548 18.
1018 3499 1130 3547 Joh.
1157 3516 1204 3548 x.
1231 3500 1309 3548 18.
1482 3508 1504 3531 ¹¹
1539 3499 1645 3547 Aet.
1668 3497 1726 3546 xi.
1756 3499 1835 3547 16.
1913 3513 1930 3547 1
1968 3499 2079 3547 Cor.
2103 3495 2161 3545 vi.
2193 3512 2268 3561 ¹5·

530 3573 550 3595 ¹
585 3582 599 3613 1
622 3566 735 3614 soh.
756 3565 804 3616 ii.
828 3581 906 3629 17.
965 3565 1074 3614 Issi.
1100 3565 1180 3614 lix.
1201 3581 1279 3615 21.
1335 3565 1442 3614 Joel
1465 3564 1512 3613 ii.
1536 3566 1614 3614 28.
1634 3576 1682 3614 et
1701 3566 1809 3613 Aet.
1828 3563 1875 3613 ii.
1902 3576 1977 3627 17.
2078 3571 2100 3605 5
2124 3563 2270 3613 Matt.

531 3647 574 3679 x.
602 3646 683 3692 31.
707 3641 758 3680 et
780 3633 933 3682 Marc.
959 3630 1048 3680 viii.
1077 3634 1157 3695 38.
1181 3644 1233 3681 et
1256 3632 1375 3681 Luc.
1402 3632 1462 3680 ix.
1490 3632 1568 3680 16.
1593 3642 1642 3679 et
1666 3630 1744 3679 xii.
1769 3631 1814 3685 8.
1838 3644 1886 3691 9.
