2418 4172
435 379 542 432 132
1063 379 1551 435 coNI-'Esslo

438 519 557 582 fide
612 520 676 582 in
719 520 1032 583 Christum
1082 521 1334 597 tradere,
1375 534 1438 583 et
1486 541 1788 593 renovare,
1828 542 1905 583 ne
1951 521 2189 584 deesset

436 603 763 664 consolatio
806 604 1037 687 pavidis
1081 605 1484 679 conscientiis,
1527 603 1629 664 sed
1674 603 1911 678 scirent,
1953 604 2073 666 fide
2122 604 2186 665 in

437 685 752 747 Christum
783 687 1149 770 apprehendi
1181 688 1434 769 gratiam
1456 699 1518 748 et
1540 686 1950 747 remissionem
1974 708 2189 769 pecca·

435 779 637 830 torum
667 782 728 829 et
745 768 1261 849 justificationem.

518 850 942 913 Admonentur
997 852 1177 912 ctiam
1242 852 1537 925 homines,
1586 849 1746 932 quod
1805 850 1905 911 hic
1961 868 2187 913 nomen
2247 882 2253 886 ·

411 931 584 1016 fidei
610 956 732 994 non
765 933 1063 1016 significet
1090 945 1330 995 tantum
1362 934 1624 995 historiae
1662 933 1962 1006 notitiam,
1991 933 2186 1014 qualis

435 1027 528 1077 est
571 1016 634 1076 in
681 1016 885 1099 impiis
922 1027 984 1076 et
1012 1015 1299 1089 Diabolo,
1326 1016 1430 1077 sed
1473 1016 1772 1099 significet
1810 1016 2016 1091 fidem,
2046 1035 2186 1098 quae

434 1097 624 1176 credjt
652 1120 773 1158 non
804 1109 1040 1159 tantum
1069 1098 1399 1172 historiam,
1420 1098 1522 1159 sed
1553 1098 1733 1159 etiam
1758 1099 2035 1159 effectum
2061 1098 2188 1160 his-

434 1180 621 1255 torioe,
649 1180 943 1253 videlicet,
974 1179 1139 1240 hunc
1167 1180 1507 1254 articulum,
1528 1180 1941 1242 remissionem
1972 1203 2187 1265 pecca-

430 1273 652 1336 torum,
681 1261 844 1343 quod
881 1261 1159 1323 videlicet
1195 1283 1303 1343 per
1330 1260 1641 1323 Christum
1686 1262 2016 1324 habeamus
2049 1285 2187 1347 gra·

434 1345 603 1418 tiam,
621 1344 925 1424 justitiam
956 1354 1019 1403 et
1046 1342 1460 1404 remissionem
1491 1355 1896 1426 peccatorum.

514 1426 658 1487 Jam
696 1426 800 1506 qui
841 1426 971 1499 scit,
1002 1448 1065 1486 se
1107 1448 1216 1509 per
1241 1425 1557 1486 Christum
1597 1426 1815 1486 habere
1851 1425 2184 1510 propitium

432 1509 693 1580 Patrem,
723 1509 772 1569 is
802 1529 939 1569 vere
966 1508 1135 1570 novit
1161 1509 1389 1582 Deum,
1418 1508 1531 1569 scit
1558 1530 1621 1568 se
1647 1508 1702 1568 ei
1732 1530 1888 1569 curoe
1916 1530 2066 1583 esse,
2094 1510 2189 1572 in·-

433 1603 606 1652 vocat
644 1613 822 1662 eum;
866 1590 1127 1673 denique
1163 1612 1284 1652 non
1324 1602 1415 1651 est
1448 1591 1575 1651 sine
1602 1591 1743 1652 Deo
1771 1591 1927 1652 sicut
1953 1603 2183 1687 gentes.

430 1673 595 1734 Nam
627 1672 875 1734 Diaboli
913 1685 973 1734 et
1016 1674 1185 1756 impii
1226 1695 1348 1734 non
1388 1685 1641 1755 possunt
1671 1673 1834 1735 hunc
1862 1675 2181 1737 articulum

430 1755 688 1830 credere,
720 1756 1129 1816 remissionem
1161 1767 1563 1839 peccatorum.
1650 1755 1799 1816 Ideo
1821 1755 2028 1818 Deum
2050 1770 2186 1819 tan-

433 1860 616 1920 quam
650 1838 883 1900 hostem
914 1838 1187 1920 oderunt,
1207 1861 1329 1899 non
1360 1838 1642 1900 invocant
1669 1860 1832 1912 eum,
1854 1839 2006 1900 nihil
2037 1841 2182 1903 boni

434 1922 511 1982 ab
539 1943 612 1983 eo
640 1943 713 1982 ex
762 1933 983 1983 ectant.
1055 1921 1431 2002 Augustinus
1457 1921 1640 1982 ctiam
1662 1920 1738 1982 de
1741 1919 1916 2003 fidei
1934 1923 2183 1985 nomine

435 2003 550 2064 hoc
589 2025 648 2064 m
735 2026 771 2063 o
807 2004 1092 2064 admonet
1119 2004 1424 2075 lectorem,
1453 2015 1515 2063 et
1542 2003 1736 2076 docet,
1768 2005 1828 2063 in
1857 2004 2183 2099 scripturis

430 2108 652 2147 nomen
658 2084 830 2168 fidei
857 2086 1068 2169 accipi,
1089 2107 1210 2146 non
1238 2107 1349 2168 pro
1377 2086 1617 2160 notitia,
1638 2085 1831 2167 qualis
1858 2102 1954 2149 est
1979 2108 2043 2149 in
2063 2088 2183 2151 im-

428 2169 566 2251 piis,
595 2170 699 2230 sed
727 2167 1114 2253 profiducia,
1137 2190 1273 2250 quae
1301 2169 1646 2230 consolatur
1671 2180 1735 2230 et
1762 2169 1939 2253 erigit
1958 2181 2184 2254 perter-

424 2251 679 2314 refactas
711 2266 962 2315 mentes.

515 2335 805 2397 Praeterea
859 2336 1079 2398 docent
1136 2336 1342 2409 nostri,
1386 2336 1549 2417 quod
1606 2360 1848 2400 necesse
1897 2337 1979 2400 sit
2025 2319 2184 2400 bon·
2288 2397 2301 2406 .

430 2438 611 2499 opera
639 2419 852 2494 facere,
880 2442 1002 2479 non
1033 2431 1100 2480 ut
1129 2419 1502 2479 confidamus
1530 2441 1638 2502 per
1664 2443 1736 2482 ea
1763 2421 2020 2503 gratiam
2054 2442 2183 2482 me-

430 2499 563 2573 reri,
591 2501 693 2560 sed
725 2513 967 2583 propter
991 2502 1361 2562 voluntatem
1392 2502 1528 2561 Dei.
1612 2503 1879 2564 Tantum
1919 2502 2040 2564 fide
2073 2525 2180 2598 ap-

427 2582 821 2664 prehenditur
848 2583 1119 2644 remissio
1148 2596 1528 2666 peccatorum
1564 2606 1635 2646 ac
1655 2585 1861 2668 gratia.
1931 2584 2018 2647 Et
2035 2606 2182 2667 quia

429 2686 536 2746 per
578 2663 763 2726 fidem
808 2665 1099 2749 accipitur
1133 2666 1392 2748 Spiritus
1420 2666 1697 2742 Sanctus,
1717 2667 1848 2748 jam
1878 2667 2060 2731 corda
2086 2690 2182 2729 re-

428 2758 745 2820 novantur,
773 2762 835 2808 et
872 2748 1133 2809 induunt
1170 2770 1355 2809 novos
1397 2748 1662 2824 affectus,
1690 2762 1759 2812 ut
1786 2772 1992 2833 parere
2021 2751 2182 2813 bona

430 2851 612 2912 opera
631 2830 884 2913 possint.
947 2830 1049 2892 Sic
1069 2831 1232 2892 enim
1258 2831 1342 2892 ait
1361 2832 1756 2894 Ambrosius:
1800 2832 1980 2895 Fides
2005 2833 2180 2897 bonoe

428 2913 774 2986 voluntatis,
802 2926 862 2974 et
880 2912 1062 2993 justae
1092 2914 1341 2975 actionis
1372 2914 1633 2997 genitrix
1662 2927 1770 2977 est.
1855 2915 2021 2978 Nam
2068 2916 2183 2978 hu·

429 3017 625 3057 manoe
665 2996 835 3071 vires,
865 2996 992 3057 sine
1019 2996 1247 3080 Spiritu
1283 2997 1526 3071 Sancto,
1555 2998 1747 3080 plenoe
1790 3009 1934 3060 sunt
1974 2998 2180 3083 impiis

428 3078 758 3154 affectibus,
779 3091 842 3140 et
870 3091 1011 3141 sunt
1032 3079 1478 3154 imbecilliores,
1544 3102 1682 3142 uam
1713 3093 1782 3143 ut
1812 3082 1972 3143 bona
1997 3101 2180 3165 opera

428 3160 659 3242 possint
687 3161 921 3223 efficere
950 3184 1150 3223 coram
1181 3162 1338 3223 Deo.
1422 3163 1519 3223 Ad
1570 3186 1675 3236 aec,
1706 3175 1848 3226 sunt
1886 3164 1948 3226 in
1978 3175 2180 3247 potes-

427 3255 550 3303 tate
580 3243 845 3320 Diaboli,
872 3244 976 3339 qui
1007 3245 1269 3328 impellit
1298 3246 1575 3307 homines
1609 3246 1684 3308 ad
1712 3247 1885 3325 varia-
1910 3255 2176 3332 peccata,

428 3324 500 3385 ad
549 3326 627 3386 im
681 3327 763 3388 ias
806 3327 1141 3411 opiniones,
1170 3327 1244 3389 ad
1276 3327 1593 3391 manifesta
1617 3330 1859 3392 scelera.
1943 3329 2176 3399 Quem·

427 3407 562 3467 adm
651 3431 753 3470 um
799 3422 890 3471 est
932 3410 1131 3471 videre
1158 3410 1236 3483 jn
1279 3411 1678 3495 philosophis,
1705 3411 1810 3494 qui
1838 3420 1901 3472 et
1927 3408 2040 3493 ipsi
2074 3430 2176 3470 oo-

427 3491 548 3549 nati
584 3490 835 3553 honeste
861 3492 1079 3569 vivere,
1100 3505 1306 3555 tamen
1337 3493 1398 3555 id
1428 3516 1547 3555 non
1572 3504 1903 3577 potuerunt
1919 3490 2173 3566 efficere,

426 3571 527 3630 scd
573 3575 963 3635 contaminati
1010 3588 1150 3637 sunt
1195 3576 1403 3637 multis
1451 3574 1782 3637 manifestis
1830 3573 2174 3636 sceleribus.

422 3651 587 3713 'Palis
623 3667 714 3715 est
756 3656 1134 3718 imbecillitas
1175 3657 1460 3731 hominis,
1487 3678 1626 3719 cum
1669 3669 1763 3719 est
1799 3655 1929 3719 sine
1961 3656 2083 3719 fide
2110 3668 2174 3721 et
