<?xml version="1.0" encoding="UTF-8"?>
<!DOCTYPE html PUBLIC "-//W3C//DTD XHTML 1.0 Transitional//EN"
    "http://www.w3.org/TR/xhtml1/DTD/xhtml1-transitional.dtd">
<html xmlns="http://www.w3.org/1999/xhtml" xml:lang="en" lang="en">
 <head>
  <title>
</title>
<meta http-equiv="Content-Type" content="text/html;charset=utf-8" />
  <meta name='ocr-system' content='tesseract 3.04.00' />
  <meta name='ocr-capabilities' content='ocr_page ocr_carea ocr_par ocr_line ocrx_word'/>
</head>
<body>
  <div class='ocr_page' id='page_1' title='image "./syllogeconfessio00oxfouoft_0080.png"; bbox 0 0 2418 4172; ppageno 0'>
   <div class='ocr_carea' id='block_1_1' title="bbox 457 328 1579 390">
    <p class='ocr_par' dir='ltr' id='par_1_1' title="bbox 457 328 1579 390">
     <span class='ocr_line' id='line_1_1' title="bbox 457 328 1579 390; baseline -0.006 0"><span class='ocrx_word' id='word_1_1' title='bbox 457 337 531 390; x_wconf 79' lang='lat'>58</span> <span class='ocrx_word' id='word_1_2' title='bbox 1088 328 1579 385; x_wconf 80' lang='lat' dir='ltr'>CONFESSIO</span> 
     </span>
    </p>
   </div>
   <div class='ocr_carea' id='block_1_2' title="bbox 458 521 2210 696">
    <p class='ocr_par' dir='ltr' id='par_1_2' title="bbox 458 521 2210 696">
     <span class='ocr_line' id='line_1_2' title="bbox 458 521 2210 599; baseline -0.007 -4"><span class='ocrx_word' id='word_1_3' title='bbox 458 532 564 597; x_wconf 86' lang='lat' dir='ltr'>De</span> <span class='ocrx_word' id='word_1_4' title='bbox 620 530 921 596; x_wconf 77' lang='lat' dir='ltr'>catholica</span> <span class='ocrx_word' id='word_1_5' title='bbox 978 536 1038 592; x_wconf 77' lang='lat' dir='ltr'>et</span> <span class='ocrx_word' id='word_1_6' title='bbox 1099 536 1314 591; x_wconf 78' lang='lat' dir='ltr'>sancta</span> <span class='ocrx_word' id='word_1_7' title='bbox 1372 526 1501 589; x_wconf 74' lang='lat' dir='ltr'>Dei</span> <span class='ocrx_word' id='word_1_8' title='bbox 1558 523 1858 599; x_wconf 76' lang='lat' dir='ltr'><em>Ecclesia,</em></span> <span class='ocrx_word' id='word_1_9' title='bbox 1915 531 1974 585; x_wconf 74' lang='lat' dir='ltr'>et</span> <span class='ocrx_word' id='word_1_10' title='bbox 2030 521 2210 584; x_wconf 79' lang='lat' dir='ltr'>unico</span> 
     </span>
     <span class='ocr_line' id='line_1_3' title="bbox 1063 609 1613 696; baseline -0.009 -22"><span class='ocrx_word' id='word_1_11' title='bbox 1063 613 1282 696; x_wconf 80' lang='lat' dir='ltr'><strong><em>Capite</em></strong></span> <span class='ocrx_word' id='word_1_12' title='bbox 1310 609 1613 673; x_wconf 74' lang='lat' dir='ltr'>Ecclesioe.</span> 
     </span>
    </p>
   </div>
   <div class='ocr_carea' id='block_1_3' title="bbox 1224 755 1436 819">
    <p class='ocr_par' dir='ltr' id='par_1_3' title="bbox 1224 755 1436 819">
     <span class='ocr_line' id='line_1_4' title="bbox 1224 755 1436 819; baseline -0.019 1"><span class='ocrx_word' id='word_1_13' title='bbox 1224 755 1436 819; x_wconf 85' lang='lat' dir='ltr'>xvn.</span> 
     </span>
    </p>
   </div>
   <div class='ocr_carea' id='block_1_4' title="bbox 452 870 2214 1943">
    <p class='ocr_par' dir='ltr' id='par_1_4' title="bbox 452 870 2214 1943">
     <span class='ocr_line' id='line_1_5' title="bbox 459 870 2207 967; baseline -0.009 -15"><span class='ocrx_word' id='word_1_14' title='bbox 459 870 860 967; x_wconf 83' lang='lat' dir='ltr'><strong>QUANDO</strong></span> <span class='ocrx_word' id='word_1_15' title='bbox 889 896 1088 948; x_wconf 89' lang='lat' dir='ltr'>autem</span> <span class='ocrx_word' id='word_1_16' title='bbox 1121 883 1291 945; x_wconf 84' lang='lat' dir='ltr'>Deus</span> <span class='ocrx_word' id='word_1_17' title='bbox 1321 883 1398 945; x_wconf 87' lang='lat' dir='ltr'>ab</span> <span class='ocrx_word' id='word_1_18' title='bbox 1432 881 1604 942; x_wconf 84' lang='lat' dir='ltr'>initio</span> <span class='ocrx_word' id='word_1_19' title='bbox 1633 879 1825 941; x_wconf 84' lang='lat' dir='ltr'>salvos</span> <span class='ocrx_word' id='word_1_20' title='bbox 1855 876 2046 939; x_wconf 86' lang='lat' dir='ltr'>voluit</span> <span class='ocrx_word' id='word_1_21' title='bbox 2080 875 2207 937; x_wconf 82' lang='lat' dir='ltr'>fieri</span> 
     </span>
     <span class='ocr_line' id='line_1_6' title="bbox 458 962 2211 1049; baseline -0.007 -16"><span class='ocrx_word' id='word_1_22' title='bbox 458 971 755 1044; x_wconf 87' lang='lat' dir='ltr'>homines,</span> <span class='ocrx_word' id='word_1_23' title='bbox 790 981 852 1030; x_wconf 88' lang='lat' dir='ltr'>et</span> <span class='ocrx_word' id='word_1_24' title='bbox 894 968 968 1031; x_wconf 84' lang='lat' dir='ltr'>ad</span> <span class='ocrx_word' id='word_1_25' title='bbox 1006 966 1374 1049; x_wconf 78' lang='lat' dir='ltr'>agnitionem</span> <span class='ocrx_word' id='word_1_26' title='bbox 1413 963 1676 1026; x_wconf 83' lang='lat' dir='ltr'>veritatis</span> <span class='ocrx_word' id='word_1_27' title='bbox 1715 962 1935 1034; x_wconf 87' lang='lat' dir='ltr'>venire,</span> <span class='ocrx_word' id='word_1_28' title='bbox 1973 970 2211 1043; x_wconf 86' lang='lat' dir='ltr'>oportet</span> 
     </span>
     <span class='ocr_line' id='line_1_7' title="bbox 455 1045 2210 1134; baseline -0.007 -19"><span class='ocrx_word' id='word_1_29' title='bbox 455 1054 708 1117; x_wconf 88' lang='lat' dir='ltr'>omnino</span> <span class='ocrx_word' id='word_1_30' title='bbox 735 1073 972 1134; x_wconf 87' lang='lat' dir='ltr'>semper</span> <span class='ocrx_word' id='word_1_31' title='bbox 999 1050 1203 1124; x_wconf 85' lang='lat' dir='ltr'>fuisse,</span> <span class='ocrx_word' id='word_1_32' title='bbox 1232 1070 1394 1110; x_wconf 90' lang='lat' dir='ltr'>nunc</span> <span class='ocrx_word' id='word_1_33' title='bbox 1423 1069 1570 1120; x_wconf 87' lang='lat' dir='ltr'>esse,</span> <span class='ocrx_word' id='word_1_34' title='bbox 1597 1057 1660 1107; x_wconf 90' lang='lat' dir='ltr'>et</span> <span class='ocrx_word' id='word_1_35' title='bbox 1688 1045 1761 1107; x_wconf 90' lang='lat' dir='ltr'>ad</span> <span class='ocrx_word' id='word_1_36' title='bbox 1794 1047 1976 1106; x_wconf 85' lang='lat' dir='ltr'>finem</span> <span class='ocrx_word' id='word_1_37' title='bbox 2019 1063 2210 1124; x_wconf 86' lang='lat' dir='ltr'>usque</span> 
     </span>
     <span class='ocr_line' id='line_1_8' title="bbox 456 1125 2210 1203; baseline -0.007 -4"><span class='ocrx_word' id='word_1_38' title='bbox 456 1137 639 1201; x_wconf 80' lang='lat' dir='ltr'>seculi</span> <span class='ocrx_word' id='word_1_39' title='bbox 677 1135 941 1197; x_wconf 84' lang='lat' dir='ltr'>futuram</span> <span class='ocrx_word' id='word_1_40' title='bbox 973 1154 1102 1194; x_wconf 86' lang='lat' dir='ltr'>esse</span> <span class='ocrx_word' id='word_1_41' title='bbox 1140 1131 1478 1203; x_wconf 80' lang='lat' dir='ltr'>ecclesiam,</span> <span class='ocrx_word' id='word_1_42' title='bbox 1507 1128 1565 1189; x_wconf 86' lang='lat' dir='ltr'>id</span> <span class='ocrx_word' id='word_1_43' title='bbox 1601 1141 1713 1202; x_wconf 90' lang='lat' dir='ltr'>est,</span> <span class='ocrx_word' id='word_1_44' title='bbox 1739 1150 1774 1189; x_wconf 90' lang='lat' dir='ltr'>e</span> <span class='ocrx_word' id='word_1_45' title='bbox 1813 1125 2044 1190; x_wconf 88' lang='lat' dir='ltr'>mundo</span> <span class='ocrx_word' id='word_1_46' title='bbox 2070 1147 2210 1188; x_wconf 85' lang='lat' dir='ltr'>evo-</span> 
     </span>
     <span class='ocr_line' id='line_1_9' title="bbox 455 1210 2208 1284; baseline -0.006 -2"><span class='ocrx_word' id='word_1_47' title='bbox 455 1231 659 1282; x_wconf 90' lang='lat' dir='ltr'>catum</span> <span class='ocrx_word' id='word_1_48' title='bbox 703 1218 795 1280; x_wconf 86' lang='lat' dir='ltr'>vel</span> <span class='ocrx_word' id='word_1_49' title='bbox 854 1215 1175 1279; x_wconf 82' lang='lat' dir='ltr'>collectum</span> <span class='ocrx_word' id='word_1_50' title='bbox 1228 1226 1457 1282; x_wconf 84' lang='lat' dir='ltr'>coetum</span> <span class='ocrx_word' id='word_1_51' title='bbox 1517 1210 1809 1284; x_wconf 84' lang='lat' dir='ltr'>fidelium,</span> <span class='ocrx_word' id='word_1_52' title='bbox 1862 1220 2208 1272; x_wconf 84' lang='lat' dir='ltr'>sanctorum</span> 
     </span>
     <span class='ocr_line' id='line_1_10' title="bbox 454 1291 2209 1396; baseline -0.006 -32"><span class='ocrx_word' id='word_1_53' title='bbox 454 1302 703 1396; x_wconf 77' lang='lat' dir='ltr'>inquam</span> <span class='ocrx_word' id='word_1_54' title='bbox 754 1298 1027 1361; x_wconf 89' lang='lat' dir='ltr'>omnium</span> <span class='ocrx_word' id='word_1_55' title='bbox 1079 1294 1598 1366; x_wconf 86' lang='lat' dir='ltr'>communionem,</span> <span class='ocrx_word' id='word_1_56' title='bbox 1647 1313 1856 1354; x_wconf 87' lang='lat' dir='ltr'>eorum</span> <span class='ocrx_word' id='word_1_57' title='bbox 1908 1291 2209 1368; x_wconf 79' lang='lat' dir='ltr'>videlicet,</span> 
     </span>
     <span class='ocr_line' id='line_1_11' title="bbox 453 1373 2208 1466; baseline -0.006 -18"><span class='ocrx_word' id='word_1_58' title='bbox 453 1405 559 1466; x_wconf 76' lang='lat' dir='ltr'>qui</span> <span class='ocrx_word' id='word_1_59' title='bbox 589 1384 794 1446; x_wconf 89' lang='lat' dir='ltr'>Deum</span> <span class='ocrx_word' id='word_1_60' title='bbox 823 1403 1052 1453; x_wconf 87' lang='lat' dir='ltr'>verum,</span> <span class='ocrx_word' id='word_1_61' title='bbox 1082 1380 1142 1439; x_wconf 86' lang='lat' dir='ltr'>in</span> <span class='ocrx_word' id='word_1_62' title='bbox 1181 1378 1428 1439; x_wconf 85' lang='lat' dir='ltr'>Christo</span> <span class='ocrx_word' id='word_1_63' title='bbox 1457 1375 1790 1448; x_wconf 81' lang='lat' dir='ltr'>servatore,</span> <span class='ocrx_word' id='word_1_64' title='bbox 1817 1396 1926 1458; x_wconf 89' lang='lat' dir='ltr'>per</span> <span class='ocrx_word' id='word_1_65' title='bbox 1957 1373 2208 1438; x_wconf 81' lang='lat' dir='ltr'>verbum</span> 
     </span>
     <span class='ocr_line' id='line_1_12' title="bbox 452 1457 2212 1550; baseline -0.005 -21"><span class='ocrx_word' id='word_1_66' title='bbox 452 1478 515 1529; x_wconf 89' lang='lat' dir='ltr'>et</span> <span class='ocrx_word' id='word_1_67' title='bbox 558 1466 852 1550; x_wconf 89' lang='lat' dir='ltr'>Spiritum</span> <span class='ocrx_word' id='word_1_68' title='bbox 887 1464 1202 1536; x_wconf 86' lang='lat' dir='ltr'>Sanctum,</span> <span class='ocrx_word' id='word_1_69' title='bbox 1239 1482 1376 1521; x_wconf 85' lang='lat' dir='ltr'>vere</span> <span class='ocrx_word' id='word_1_70' title='bbox 1418 1468 1811 1541; x_wconf 87' lang='lat' dir='ltr'>cognoscunt,</span> <span class='ocrx_word' id='word_1_71' title='bbox 1854 1468 1917 1519; x_wconf 87' lang='lat' dir='ltr'>et</span> <span class='ocrx_word' id='word_1_72' title='bbox 1956 1457 2071 1519; x_wconf 85' lang='lat' dir='ltr'>rite</span> <span class='ocrx_word' id='word_1_73' title='bbox 2110 1478 2212 1520; x_wconf 82' lang='lat' dir='ltr'>oo-</span> 
     </span>
     <span class='ocr_line' id='line_1_13' title="bbox 453 1538 2211 1629; baseline -0.005 -18"><span class='ocrx_word' id='word_1_74' title='bbox 453 1550 606 1621; x_wconf 86' lang='lat' dir='ltr'>lunt,</span> <span class='ocrx_word' id='word_1_75' title='bbox 635 1548 896 1629; x_wconf 85' lang='lat' dir='ltr'>denique</span> <span class='ocrx_word' id='word_1_76' title='bbox 932 1547 1216 1608; x_wconf 85' lang='lat' dir='ltr'>omnibus</span> <span class='ocrx_word' id='word_1_77' title='bbox 1248 1543 1420 1606; x_wconf 87' lang='lat' dir='ltr'>bonis</span> <span class='ocrx_word' id='word_1_78' title='bbox 1460 1564 1566 1625; x_wconf 88' lang='lat' dir='ltr'>per</span> <span class='ocrx_word' id='word_1_79' title='bbox 1594 1540 1909 1603; x_wconf 83' lang='lat' dir='ltr'>Christum</span> <span class='ocrx_word' id='word_1_80' title='bbox 1947 1538 2211 1622; x_wconf 82' lang='lat' dir='ltr'>gratuito</span> 
     </span>
     <span class='ocr_line' id='line_1_14' title="bbox 452 1621 2211 1713; baseline -0.006 -19"><span class='ocrx_word' id='word_1_81' title='bbox 452 1632 671 1694; x_wconf 88' lang='lat' dir='ltr'>oblatis</span> <span class='ocrx_word' id='word_1_82' title='bbox 702 1630 821 1693; x_wconf 85' lang='lat' dir='ltr'>fide</span> <span class='ocrx_word' id='word_1_83' title='bbox 847 1629 1229 1713; x_wconf 86' lang='lat' dir='ltr'>participant.</span> <span class='ocrx_word' id='word_1_84' title='bbox 1301 1627 1458 1687; x_wconf 85' lang='lat' dir='ltr'>Sunt</span> <span class='ocrx_word' id='word_1_85' title='bbox 1495 1624 1590 1686; x_wconf 81' lang='lat' dir='ltr'>isti</span> <span class='ocrx_word' id='word_1_86' title='bbox 1619 1646 1832 1685; x_wconf 91' lang='lat' dir='ltr'>omnes</span> <span class='ocrx_word' id='word_1_87' title='bbox 1860 1626 2039 1686; x_wconf 84' lang='lat' dir='ltr'>unius</span> <span class='ocrx_word' id='word_1_88' title='bbox 2065 1621 2211 1686; x_wconf 80' lang='lat' dir='ltr'>civi·</span> 
     </span>
     <span class='ocr_line' id='line_1_15' title="bbox 453 1705 2206 1788; baseline -0.006 -11"><span class='ocrx_word' id='word_1_89' title='bbox 453 1714 594 1777; x_wconf 88' lang='lat' dir='ltr'>tatis</span> <span class='ocrx_word' id='word_1_90' title='bbox 624 1715 803 1788; x_wconf 87' lang='lat' dir='ltr'>cives,</span> <span class='ocrx_word' id='word_1_91' title='bbox 830 1712 1098 1775; x_wconf 88' lang='lat' dir='ltr'>viventes</span> <span class='ocrx_word' id='word_1_92' title='bbox 1133 1711 1246 1772; x_wconf 85' lang='lat' dir='ltr'>sub</span> <span class='ocrx_word' id='word_1_93' title='bbox 1274 1707 1487 1771; x_wconf 90' lang='lat' dir='ltr'>eodem</span> <span class='ocrx_word' id='word_1_94' title='bbox 1517 1706 1812 1781; x_wconf 91' lang='lat' dir='ltr'>Domino,</span> <span class='ocrx_word' id='word_1_95' title='bbox 1841 1707 1956 1769; x_wconf 90' lang='lat' dir='ltr'>sub</span> <span class='ocrx_word' id='word_1_96' title='bbox 1994 1705 2206 1768; x_wconf 88' lang='lat' dir='ltr'>iisdem</span> 
     </span>
     <span class='ocr_line' id='line_1_16' title="bbox 453 1789 2210 1887; baseline -0.006 -27"><span class='ocrx_word' id='word_1_97' title='bbox 453 1797 708 1880; x_wconf 86' lang='lat' dir='ltr'>legibus,</span> <span class='ocrx_word' id='word_1_98' title='bbox 739 1797 796 1858; x_wconf 91' lang='lat' dir='ltr'>in</span> <span class='ocrx_word' id='word_1_99' title='bbox 837 1794 1046 1857; x_wconf 88' lang='lat' dir='ltr'>eadem</span> <span class='ocrx_word' id='word_1_100' title='bbox 1078 1793 1356 1855; x_wconf 90' lang='lat' dir='ltr'>omnium</span> <span class='ocrx_word' id='word_1_101' title='bbox 1396 1793 1691 1852; x_wconf 89' lang='lat' dir='ltr'>bonorum</span> <span class='ocrx_word' id='word_1_102' title='bbox 1777 1789 2210 1887; x_wconf 83' lang='lat' dir='ltr'>articipatione.</span> 
     </span>
     <span class='ocr_line' id='line_1_17' title="bbox 454 1812 2214 1943; baseline -0.005 0"><span class='ocrx_word' id='word_1_103' title='bbox 454 1880 557 1943; x_wconf 88' lang='lat' dir='ltr'>Sic</span> <span class='ocrx_word' id='word_1_104' title='bbox 583 1880 746 1942; x_wconf 84' lang='lat' dir='ltr'>enim</span> <span class='ocrx_word' id='word_1_105' title='bbox 783 1879 894 1940; x_wconf 90' lang='lat' dir='ltr'>hos</span> <span class='ocrx_word' id='word_1_106' title='bbox 924 1877 1189 1940; x_wconf 79' lang='lat' dir='ltr'>concives</span> <span class='ocrx_word' id='word_1_107' title='bbox 1224 1883 1573 1938; x_wconf 75' lang='lat' dir='ltr'>sanctorum</span> <span class='ocrx_word' id='word_1_108' title='bbox 1615 1881 1675 1935; x_wconf 80' lang='lat' dir='ltr'>et</span> <span class='ocrx_word' id='word_1_109' title='bbox 1703 1812 2056 1935; x_wconf 50' lang='lat' dir='ltr'>semesum</span> <span class='ocrx_word' id='word_1_110' title='bbox 2082 1872 2214 1935; x_wconf 74' lang='lat' dir='ltr'>Dei</span> 
     </span>
    </p>
   </div>
   <div class='ocr_carea' id='block_1_5' title="bbox 451 1953 2214 3703">
    <p class='ocr_par' dir='ltr' id='par_1_5' title="bbox 451 1953 2214 3703">
     <span class='ocr_line' id='line_1_18' title="bbox 454 1953 2211 2100; baseline -0.005 -74"><span class='ocrx_word' id='word_1_111' title='bbox 454 1962 780 2047; x_wconf 85' lang='lat' dir='ltr'>appellavit</span> <span class='ocrx_word' id='word_1_112' title='bbox 827 1960 1195 2044; x_wconf 78' lang='lat' dir='ltr'>Apostolus:</span> <span class='ocrx_word' id='word_1_113' title='bbox 1240 1970 1477 2019; x_wconf 89' lang='lat' dir='ltr'>sanctos</span> <span class='ocrx_word' id='word_1_114' title='bbox 1529 1956 1839 2050; x_wconf 83' lang='lat' dir='ltr'>appellans</span> <span class='ocrx_word' id='word_1_115' title='bbox 1860 1953 2098 2100; x_wconf 48' lang='lat' dir='ltr'>{dela</span> <span class='ocrx_word' id='word_1_116' title='bbox 2143 1978 2211 2018; x_wconf 82' lang='lat' dir='ltr'>m</span> 
     </span>
     <span class='ocr_line' id='line_1_19' title="bbox 453 2038 2211 2122; baseline -0.005 -12"><span class='ocrx_word' id='word_1_117' title='bbox 453 2047 660 2121; x_wconf 74' lang='lat' dir='ltr'>terris,</span> <span class='ocrx_word' id='word_1_118' title='bbox 710 2068 814 2107; x_wconf 87' lang='lat' dir='ltr'>san</span> <span class='ocrx_word' id='word_1_119' title='bbox 863 2044 1002 2105; x_wconf 87' lang='lat' dir='ltr'>uine</span> <span class='ocrx_word' id='word_1_120' title='bbox 1053 2042 1189 2103; x_wconf 85' lang='lat' dir='ltr'>Filii</span> <span class='ocrx_word' id='word_1_121' title='bbox 1232 2041 1356 2103; x_wconf 87' lang='lat' dir='ltr'>Dei</span> <span class='ocrx_word' id='word_1_122' title='bbox 1405 2042 1828 2110; x_wconf 77' lang='lat' dir='ltr'>sanctificatos,</span> <span class='ocrx_word' id='word_1_123' title='bbox 1927 2038 2099 2122; x_wconf 68' lang='lat' dir='ltr'>phet.</span> <span class='ocrx_word' id='word_1_124' title='bbox 2146 2040 2211 2101; x_wconf 85' lang='lat' dir='ltr'>ii.</span> 
     </span>
     <span class='ocr_line' id='line_1_20' title="bbox 455 2067 2212 2208; baseline -0.005 -16"><span class='ocrx_word' id='word_1_125' title='bbox 455 2149 477 2192; x_wconf 90' lang='lat'>1</span> <span class='ocrx_word' id='word_1_126' title='bbox 508 2130 645 2192; x_wconf 89' lang='lat' dir='ltr'>Cor.</span> <span class='ocrx_word' id='word_1_127' title='bbox 675 2128 753 2193; x_wconf 88' lang='lat' dir='ltr'>vi.</span> <span class='ocrx_word' id='word_1_128' title='bbox 795 2067 896 2189; x_wconf 61' lang='lat' dir='ltr'>fic</span> <span class='ocrx_word' id='word_1_129' title='bbox 924 2125 1146 2208; x_wconf 84' lang='lat' dir='ltr'>quibus</span> <span class='ocrx_word' id='word_1_130' title='bbox 1166 2123 1417 2187; x_wconf 89' lang='lat' dir='ltr'>omnino</span> <span class='ocrx_word' id='word_1_131' title='bbox 1439 2120 1863 2203; x_wconf 75' lang='lat' dir='ltr'>intelligendus</span> <span class='ocrx_word' id='word_1_132' title='bbox 1892 2131 2006 2195; x_wconf 78' lang='lat' dir='ltr'>est,</span> <span class='ocrx_word' id='word_1_133' title='bbox 2025 2121 2212 2204; x_wconf 84' lang='lat' dir='ltr'>Sym-</span> 
     </span>
     <span class='ocr_line' id='line_1_21' title="bbox 454 2204 2211 2283; baseline -0.003 -10"><span class='ocrx_word' id='word_1_134' title='bbox 454 2212 576 2273; x_wconf 90' lang='lat' dir='ltr'>boli</span> <span class='ocrx_word' id='word_1_135' title='bbox 634 2211 939 2283; x_wconf 74' lang='lat' dir='ltr'>articuluS,</span> <span class='ocrx_word' id='word_1_136' title='bbox 994 2207 1191 2273; x_wconf 82' lang='lat' dir='ltr'>Credo</span> <span class='ocrx_word' id='word_1_137' title='bbox 1248 2217 1517 2268; x_wconf 85' lang='lat' dir='ltr'>sanctam</span> <span class='ocrx_word' id='word_1_138' title='bbox 1583 2204 1900 2268; x_wconf 78' lang='lat' dir='ltr'>ecclesiam</span> <span class='ocrx_word' id='word_1_139' title='bbox 1957 2204 2211 2282; x_wconf 63' lang='lat' dir='ltr'>catholi-</span> 
     </span>
     <span class='ocr_line' id='line_1_22' title="bbox 453 2290 1886 2368; baseline -0.008 -10"><span class='ocrx_word' id='word_1_140' title='bbox 453 2318 611 2368; x_wconf 87' lang='lat' dir='ltr'>cam,</span> <span class='ocrx_word' id='word_1_141' title='bbox 642 2306 989 2355; x_wconf 88' lang='lat' dir='ltr'>sanctorum</span> <span class='ocrx_word' id='word_1_142' title='bbox 1019 2290 1534 2353; x_wconf 86' lang='lat' dir='ltr'>communionem.</span> <span class='ocrx_word' id='word_1_143' title='bbox 1883 2290 1886 2293; x_wconf 48' lang='lat'><strong>⁴</strong></span> 
     </span>
     <span class='ocr_line' id='line_1_23' title="bbox 535 2368 2214 2469; baseline -0.004 -29"><span class='ocrx_word' id='word_1_144' title='bbox 535 2377 621 2439; x_wconf 90' lang='lat' dir='ltr'>Et</span> <span class='ocrx_word' id='word_1_145' title='bbox 650 2399 792 2439; x_wconf 90' lang='lat' dir='ltr'>cum</span> <span class='ocrx_word' id='word_1_146' title='bbox 823 2397 1061 2469; x_wconf 80' lang='lat' dir='ltr'>semper</span> <span class='ocrx_word' id='word_1_147' title='bbox 1082 2396 1237 2435; x_wconf 88' lang='lat' dir='ltr'>unus</span> <span class='ocrx_word' id='word_1_148' title='bbox 1270 2371 1451 2433; x_wconf 91' lang='lat' dir='ltr'>modo</span> <span class='ocrx_word' id='word_1_149' title='bbox 1474 2372 1551 2432; x_wconf 87' lang='lat' dir='ltr'>sit</span> <span class='ocrx_word' id='word_1_150' title='bbox 1571 2370 1766 2445; x_wconf 88' lang='lat' dir='ltr'>Deus,</span> <span class='ocrx_word' id='word_1_151' title='bbox 1789 2392 1946 2433; x_wconf 85' lang='lat' dir='ltr'>unus</span> <span class='ocrx_word' id='word_1_152' title='bbox 1969 2368 2214 2436; x_wconf 73' lang='lat' dir='ltr'>Medin-</span> 
     </span>
     <span class='ocr_line' id='line_1_24' title="bbox 453 2453 2209 2537; baseline -0.003 -14"><span class='ocrx_word' id='word_1_153' title='bbox 453 2471 549 2523; x_wconf 87' lang='lat' dir='ltr'>tor</span> <span class='ocrx_word' id='word_1_154' title='bbox 575 2460 696 2522; x_wconf 92' lang='lat' dir='ltr'>Dei</span> <span class='ocrx_word' id='word_1_155' title='bbox 726 2470 788 2520; x_wconf 87' lang='lat' dir='ltr'>et</span> <span class='ocrx_word' id='word_1_156' title='bbox 811 2458 1132 2521; x_wconf 75' lang='lat' dir='ltr'>hominum</span> <span class='ocrx_word' id='word_1_157' title='bbox 1151 2456 1194 2517; x_wconf 80' lang='lat' dir='ltr'>J</span> <span class='ocrx_word' id='word_1_158' title='bbox 1199 2478 1334 2517; x_wconf 90' lang='lat' dir='ltr'>esus</span> <span class='ocrx_word' id='word_1_159' title='bbox 1358 2455 1636 2529; x_wconf 87' lang='lat' dir='ltr'>Messias,</span> <span class='ocrx_word' id='word_1_160' title='bbox 1657 2476 1815 2518; x_wconf 86' lang='lat' dir='ltr'>unus</span> <span class='ocrx_word' id='word_1_161' title='bbox 1835 2453 1982 2518; x_wconf 79' lang='lat' dir='ltr'>item</span> <span class='ocrx_word' id='word_1_162' title='bbox 2011 2454 2209 2537; x_wconf 60' lang='grc' dir='ltr'>Μὴ</span> 
     </span>
     <span class='ocr_line' id='line_1_25' title="bbox 456 2537 2210 2620; baseline -0.002 -16"><span class='ocrx_word' id='word_1_163' title='bbox 456 2543 712 2604; x_wconf 87' lang='lat' dir='ltr'>universi</span> <span class='ocrx_word' id='word_1_164' title='bbox 759 2542 984 2615; x_wconf 79' lang='lat' dir='ltr'>Pastor,</span> <span class='ocrx_word' id='word_1_165' title='bbox 1029 2561 1215 2601; x_wconf 88' lang='lat' dir='ltr'>unurn</span> <span class='ocrx_word' id='word_1_166' title='bbox 1271 2538 1448 2618; x_wconf 83' lang='lat' dir='ltr'>hujus</span> <span class='ocrx_word' id='word_1_167' title='bbox 1492 2537 1757 2620; x_wconf 89' lang='lat' dir='ltr'>corporis</span> <span class='ocrx_word' id='word_1_168' title='bbox 1806 2549 2011 2620; x_wconf 86' lang='lat' dir='ltr'>caput,</span> <span class='ocrx_word' id='word_1_169' title='bbox 2053 2558 2210 2601; x_wconf 74' lang='lat' dir='ltr'>unu·</span> 
     </span>
     <span class='ocr_line' id='line_1_26' title="bbox 453 2619 2212 2707; baseline -0.002 -19"><span class='ocrx_word' id='word_1_170' title='bbox 453 2624 715 2707; x_wconf 85' lang='lat' dir='ltr'>denique</span> <span class='ocrx_word' id='word_1_171' title='bbox 753 2623 1031 2707; x_wconf 83' lang='lat' dir='ltr'>Spiritus,</span> <span class='ocrx_word' id='word_1_172' title='bbox 1065 2645 1182 2685; x_wconf 91' lang='lat' dir='ltr'>una</span> <span class='ocrx_word' id='word_1_173' title='bbox 1220 2622 1397 2694; x_wconf 83' lang='lat' dir='ltr'>salus,</span> <span class='ocrx_word' id='word_1_174' title='bbox 1436 2643 1555 2682; x_wconf 91' lang='lat' dir='ltr'>una</span> <span class='ocrx_word' id='word_1_175' title='bbox 1593 2619 1765 2695; x_wconf 87' lang='lat' dir='ltr'>fides,</span> <span class='ocrx_word' id='word_1_176' title='bbox 1796 2642 1985 2683; x_wconf 89' lang='lat' dir='ltr'>unum</span> <span class='ocrx_word' id='word_1_177' title='bbox 2026 2631 2212 2684; x_wconf 63' lang='lat' dir='ltr'>tuta·</span> 
     </span>
     <span class='ocr_line' id='line_1_27' title="bbox 455 2704 2209 2785; baseline -0.002 -14"><span class='ocrx_word' id='word_1_178' title='bbox 455 2719 729 2771; x_wconf 89' lang='lat' dir='ltr'>mentum</span> <span class='ocrx_word' id='word_1_179' title='bbox 781 2706 873 2769; x_wconf 87' lang='lat' dir='ltr'>vel</span> <span class='ocrx_word' id='word_1_180' title='bbox 932 2705 1152 2775; x_wconf 81' lang='lat' dir='ltr'>foedus,</span> <span class='ocrx_word' id='word_1_181' title='bbox 1201 2704 1531 2766; x_wconf 85' lang='lat' dir='ltr'>necessario</span> <span class='ocrx_word' id='word_1_182' title='bbox 1578 2706 1968 2785; x_wconf 82' lang='lat' dir='ltr'>consequitur</span> <span class='ocrx_word' id='word_1_183' title='bbox 2024 2725 2209 2768; x_wconf 75' lang='lat' dir='ltr'>unam</span> 
     </span>
     <span class='ocr_line' id='line_1_28' title="bbox 451 2786 2211 2881; baseline -0.003 -27"><span class='ocrx_word' id='word_1_184' title='bbox 451 2790 748 2854; x_wconf 77' lang='lat' dir='ltr'>duntaxat</span> <span class='ocrx_word' id='word_1_185' title='bbox 788 2811 918 2851; x_wconf 86' lang='lat' dir='ltr'>esse</span> <span class='ocrx_word' id='word_1_186' title='bbox 964 2788 1311 2850; x_wconf 75' lang='lat' dir='ltr'>ccclesiamz</span> <span class='ocrx_word' id='word_1_187' title='bbox 1357 2809 1541 2868; x_wconf 90' lang='lat' dir='ltr'>quam</span> <span class='ocrx_word' id='word_1_188' title='bbox 1591 2798 1907 2881; x_wconf 87' lang='lat' dir='ltr'>propterea</span> <span class='ocrx_word' id='word_1_189' title='bbox 1955 2786 2211 2850; x_wconf 68' lang='lat' dir='ltr'>antholi-</span> 
     </span>
     <span class='ocr_line' id='line_1_29' title="bbox 453 2867 2211 2956; baseline -0.003 -19"><span class='ocrx_word' id='word_1_190' title='bbox 453 2896 588 2937; x_wconf 90' lang='lat' dir='ltr'>cam</span> <span class='ocrx_word' id='word_1_191' title='bbox 627 2894 1070 2956; x_wconf 80' lang='lat' dir='ltr'>nuncupamus,</span> <span class='ocrx_word' id='word_1_192' title='bbox 1098 2870 1259 2953; x_wconf 91' lang='lat' dir='ltr'>quod</span> <span class='ocrx_word' id='word_1_193' title='bbox 1299 2870 1377 2932; x_wconf 86' lang='lat' dir='ltr'>sit</span> <span class='ocrx_word' id='word_1_194' title='bbox 1416 2870 1783 2944; x_wconf 75' lang='lat' dir='ltr'>universalis,</span> <span class='ocrx_word' id='word_1_195' title='bbox 1810 2881 1872 2932; x_wconf 86' lang='lat' dir='ltr'>et</span> <span class='ocrx_word' id='word_1_196' title='bbox 1907 2867 2211 2932; x_wconf 82' lang='lat' dir='ltr'>diffunda-</span> 
     </span>
     <span class='ocr_line' id='line_1_30' title="bbox 453 2951 2209 3040; baseline -0.002 -21"><span class='ocrx_word' id='word_1_197' title='bbox 453 2970 552 3022; x_wconf 91' lang='lat' dir='ltr'>tur</span> <span class='ocrx_word' id='word_1_198' title='bbox 588 2979 695 3040; x_wconf 88' lang='lat' dir='ltr'>per</span> <span class='ocrx_word' id='word_1_199' title='bbox 731 2978 945 3018; x_wconf 80' lang='lat' dir='ltr'>omnes</span> <span class='ocrx_word' id='word_1_200' title='bbox 983 2954 1195 3017; x_wconf 88' lang='lat' dir='ltr'>mundi</span> <span class='ocrx_word' id='word_1_201' title='bbox 1236 2965 1455 3038; x_wconf 87' lang='lat' dir='ltr'>partes,</span> <span class='ocrx_word' id='word_1_202' title='bbox 1491 2964 1550 3015; x_wconf 85' lang='lat' dir='ltr'>ct</span> <span class='ocrx_word' id='word_1_203' title='bbox 1593 2951 1668 3014; x_wconf 87' lang='lat' dir='ltr'>ad</span> <span class='ocrx_word' id='word_1_204' title='bbox 1707 2953 1916 3014; x_wconf 87' lang='lat' dir='ltr'>omnia</span> <span class='ocrx_word' id='word_1_205' title='bbox 1953 2974 2017 3015; x_wconf 77' lang='lat' dir='ltr'>se</span> <span class='ocrx_word' id='word_1_206' title='bbox 2054 2963 2209 3015; x_wconf 83' lang='lat' dir='ltr'>tem·</span> 
     </span>
     <span class='ocr_line' id='line_1_31' title="bbox 536 3035 2211 3119; baseline -0.005 -17"><span class='ocrx_word' id='word_1_207' title='bbox 536 3062 599 3101; x_wconf 89' lang='lat' dir='ltr'>ra</span> <span class='ocrx_word' id='word_1_208' title='bbox 634 3037 942 3114; x_wconf 84' lang='lat' dir='ltr'>extendat,</span> <span class='ocrx_word' id='word_1_209' title='bbox 979 3038 1163 3100; x_wconf 77' lang='lat' dir='ltr'>nullis</span> <span class='ocrx_word' id='word_1_210' title='bbox 1199 3038 1291 3099; x_wconf 80' lang='lat' dir='ltr'>vel</span> <span class='ocrx_word' id='word_1_211' title='bbox 1331 3035 1478 3099; x_wconf 83' lang='lat' dir='ltr'>locis</span> <span class='ocrx_word' id='word_1_212' title='bbox 1523 3036 1751 3098; x_wconf 83' lang='lat' dir='ltr'>inclusa</span> <span class='ocrx_word' id='word_1_213' title='bbox 1790 3035 1881 3097; x_wconf 84' lang='lat' dir='ltr'>vel</span> <span class='ocrx_word' id='word_1_214' title='bbox 1922 3036 2211 3119; x_wconf 73' lang='lat' dir='ltr'>tempori.</span> 
     </span>
     <span class='ocr_line' id='line_1_32' title="bbox 499 3118 2208 3203; baseline -0.002 -17"><span class='ocrx_word' id='word_1_215' title='bbox 499 3146 587 3187; x_wconf 89' lang='lat' dir='ltr'>us.</span> <span class='ocrx_word' id='word_1_216' title='bbox 671 3122 1059 3184; x_wconf 87' lang='lat' dir='ltr'>Damnamus</span> <span class='ocrx_word' id='word_1_217' title='bbox 1087 3143 1231 3203; x_wconf 86' lang='lat' dir='ltr'>ergo</span> <span class='ocrx_word' id='word_1_218' title='bbox 1256 3119 1631 3193; x_wconf 82' lang='lat' dir='ltr'>Donatistas,</span> <span class='ocrx_word' id='word_1_219' title='bbox 1657 3118 1759 3201; x_wconf 92' lang='lat' dir='ltr'>qui</span> <span class='ocrx_word' id='word_1_220' title='bbox 1790 3118 2104 3181; x_wconf 80' lang='lat' dir='ltr'>eeclesiam</span> <span class='ocrx_word' id='word_1_221' title='bbox 2146 3119 2208 3182; x_wconf 89' lang='lat' dir='ltr'>in</span> 
     </span>
     <span class='ocr_line' id='line_1_33' title="bbox 455 3201 2209 3288; baseline -0.002 -20"><span class='ocrx_word' id='word_1_222' title='bbox 455 3206 658 3269; x_wconf 88' lang='lat' dir='ltr'>nescio</span> <span class='ocrx_word' id='word_1_223' title='bbox 698 3227 851 3288; x_wconf 84' lang='lat' dir='ltr'>quos</span> <span class='ocrx_word' id='word_1_224' title='bbox 889 3204 1111 3268; x_wconf 82' lang='lat' dir='ltr'>Africoe</span> <span class='ocrx_word' id='word_1_225' title='bbox 1153 3204 1504 3267; x_wconf 74' lang='lat' dir='ltr'>coartabant</span> <span class='ocrx_word' id='word_1_226' title='bbox 1545 3203 1818 3284; x_wconf 82' lang='lat' dir='ltr'>angulos.</span> <span class='ocrx_word' id='word_1_227' title='bbox 1905 3201 2043 3265; x_wconf 84' lang='lat' dir='ltr'>Nec</span> <span class='ocrx_word' id='word_1_228' title='bbox 2081 3202 2209 3264; x_wconf 80' lang='lat' dir='ltr'>Ro-</span> 
     </span>
     <span class='ocr_line' id='line_1_34' title="bbox 457 3285 2206 3372; baseline -0.002 -22"><span class='ocrx_word' id='word_1_229' title='bbox 457 3311 804 3351; x_wconf 82' lang='lat' dir='ltr'>manensem</span> <span class='ocrx_word' id='word_1_230' title='bbox 857 3310 934 3372; x_wconf 89' lang='lat' dir='ltr'>ap</span> <span class='ocrx_word' id='word_1_231' title='bbox 979 3289 1262 3351; x_wconf 84' lang='lat' dir='ltr'>robamus</span> <span class='ocrx_word' id='word_1_232' title='bbox 1320 3286 1569 3361; x_wconf 85' lang='lat' dir='ltr'>clerum,</span> <span class='ocrx_word' id='word_1_233' title='bbox 1618 3285 1723 3367; x_wconf 89' lang='lat' dir='ltr'>qui</span> <span class='ocrx_word' id='word_1_234' title='bbox 1778 3285 1968 3348; x_wconf 84' lang='lat' dir='ltr'>solam</span> <span class='ocrx_word' id='word_1_235' title='bbox 2020 3307 2206 3369; x_wconf 74' lang='lat' dir='ltr'>prope</span> 
     </span>
     <span class='ocr_line' id='line_1_35' title="bbox 459 3368 1969 3452; baseline 0 -21"><span class='ocrx_word' id='word_1_236' title='bbox 459 3372 797 3432; x_wconf 87' lang='lat' dir='ltr'>Romanam</span> <span class='ocrx_word' id='word_1_237' title='bbox 830 3394 935 3433; x_wconf 87' lang='lat' dir='ltr'>ecc</span> <span class='ocrx_word' id='word_1_238' title='bbox 961 3371 1147 3432; x_wconf 88' lang='lat' dir='ltr'>esiam</span> <span class='ocrx_word' id='word_1_239' title='bbox 1178 3369 1490 3432; x_wconf 84' lang='lat' dir='ltr'>venditant</span> <span class='ocrx_word' id='word_1_240' title='bbox 1517 3391 1625 3452; x_wconf 79' lang='lat' dir='ltr'>pno</span> <span class='ocrx_word' id='word_1_241' title='bbox 1653 3368 1969 3432; x_wconf 72' lang='lat' dir='ltr'>catholica.</span> 
     </span>
     <span class='ocr_line' id='line_1_36' title="bbox 539 3449 2205 3535; baseline -0.002 -21"><span class='ocrx_word' id='word_1_242' title='bbox 539 3453 865 3515; x_wconf 87' lang='lat' dir='ltr'>Diducitur</span> <span class='ocrx_word' id='word_1_243' title='bbox 908 3454 1153 3535; x_wconf 86' lang='lat' dir='ltr'>quidem</span> <span class='ocrx_word' id='word_1_244' title='bbox 1200 3452 1451 3516; x_wconf 84' lang='lat' dir='ltr'>ccclesia</span> <span class='ocrx_word' id='word_1_245' title='bbox 1495 3453 1554 3514; x_wconf 93' lang='lat' dir='ltr'>in</span> <span class='ocrx_word' id='word_1_246' title='bbox 1600 3464 1797 3535; x_wconf 79' lang='lat' dir='ltr'>partes</span> <span class='ocrx_word' id='word_1_247' title='bbox 1839 3450 1930 3512; x_wconf 80' lang='lat' dir='ltr'>vel</span> <span class='ocrx_word' id='word_1_248' title='bbox 1974 3449 2205 3533; x_wconf 82' lang='lat' dir='ltr'>species</span> 
     </span>
     <span class='ocr_line' id='line_1_37' title="bbox 455 3531 2205 3619; baseline -0.002 -24"><span class='ocrx_word' id='word_1_249' title='bbox 455 3535 664 3610; x_wconf 82' lang='lat' dir='ltr'>varias,</span> <span class='ocrx_word' id='word_1_250' title='bbox 700 3559 821 3598; x_wconf 91' lang='lat' dir='ltr'>non</span> <span class='ocrx_word' id='word_1_251' title='bbox 862 3537 1024 3619; x_wconf 90' lang='lat' dir='ltr'>quod</span> <span class='ocrx_word' id='word_1_252' title='bbox 1065 3537 1254 3598; x_wconf 87' lang='lat' dir='ltr'>divisa</span> <span class='ocrx_word' id='word_1_253' title='bbox 1298 3549 1401 3597; x_wconf 88' lang='lat' dir='ltr'>aut</span> <span class='ocrx_word' id='word_1_254' title='bbox 1439 3534 1672 3596; x_wconf 84' lang='lat' dir='ltr'>divulsa</span> <span class='ocrx_word' id='word_1_255' title='bbox 1704 3533 1782 3595; x_wconf 88' lang='lat' dir='ltr'>sit</span> <span class='ocrx_word' id='word_1_256' title='bbox 1822 3532 1883 3594; x_wconf 90' lang='lat' dir='ltr'>in</span> <span class='ocrx_word' id='word_1_257' title='bbox 1923 3531 2205 3616; x_wconf 79' lang='lat' dir='ltr'>semetip-</span> 
     </span>
     <span class='ocr_line' id='line_1_38' title="bbox 455 3613 2206 3703; baseline -0.001 -24"><span class='ocrx_word' id='word_1_258' title='bbox 455 3639 604 3694; x_wconf 86' lang='lat' dir='ltr'>sam,</span> <span class='ocrx_word' id='word_1_259' title='bbox 632 3618 734 3680; x_wconf 87' lang='lat' dir='ltr'>sed</span> <span class='ocrx_word' id='word_1_260' title='bbox 766 3620 956 3702; x_wconf 88' lang='lat' dir='ltr'>magis</span> <span class='ocrx_word' id='word_1_261' title='bbox 985 3631 1229 3703; x_wconf 86' lang='lat' dir='ltr'>propter</span> <span class='ocrx_word' id='word_1_262' title='bbox 1259 3619 1665 3681; x_wconf 82' lang='lat' dir='ltr'>membrorum</span> <span class='ocrx_word' id='word_1_263' title='bbox 1706 3616 1768 3678; x_wconf 87' lang='lat' dir='ltr'>in</span> <span class='ocrx_word' id='word_1_264' title='bbox 1808 3615 1935 3699; x_wconf 78' lang='lat' dir='ltr'>ipsa</span> <span class='ocrx_word' id='word_1_265' title='bbox 1962 3613 2206 3678; x_wconf 64' lang='lat' dir='ltr'>diversi·</span> 
     </span>
    </p>
   </div>
   <div class='ocr_carea' id='block_1_6' title="bbox 2375 2405 2413 3307">
    <p class='ocr_par' dir='ltr' id='par_1_6' title="bbox 2375 2405 2413 3307">
     <span class='ocr_line' id='line_1_39' title="bbox 2375 2405 2413 3307; textangle 90"><span class='ocrx_word' id='word_1_266' title='bbox 2382 3172 2395 3307; x_wconf 48' lang='lat' dir='ltr'>⁶-mm</span> <span class='ocrx_word' id='word_1_267' title='bbox 2375 2906 2413 3158; x_wconf 39' lang='lat' dir='ltr'>ff‘-M.</span> <span class='ocrx_word' id='word_1_268' title='bbox 2380 2752 2397 2906; x_wconf 54' lang='grc' dir='ltr'>*ιο</span> <span class='ocrx_word' id='word_1_269' title='bbox 2385 2535 2401 2731; x_wconf 48' lang='grc' dir='ltr'>ᾡ-Μι</span> <span class='ocrx_word' id='word_1_270' title='bbox 2388 2472 2399 2507; x_wconf 63' lang='grc'>.,4</span> <span class='ocrx_word' id='word_1_271' title='bbox 2392 2448 2397 2453; x_wconf 38' lang='lat' dir='ltr'>s</span> <span class='ocrx_word' id='word_1_272' title='bbox 2390 2405 2395 2413; x_wconf 65' lang='grc' dir='ltr'><strong><em>ο</em></strong></span> 
     </span>
    </p>
   </div>
  </div>
 </body>
</html>
