2418 4172
662 345 1221 402 AUGUSTANA
1273 344 1528 398 MDXL.
1859 348 1965 401 188

225 496 266 527 ‘⁸
291 501 767 570 cognosceretur,
791 501 856 551 et
882 489 969 550 sic
997 488 1275 550 adversus
1302 486 1612 549 victoriam
1637 489 1865 569 peccati
1889 486 1963 549 ad

223 577 264 609 ‘⁶
286 569 552 632 divinam
585 572 856 654 gratiam,
882 592 1016 652 quae
1046 571 1107 631 in
1137 568 1631 664 promissionibus
1661 570 1963 651 proposita

219 659 265 691 ‘⁸
289 666 402 727 est,
431 655 869 738 confugeretur,
899 666 968 714 ut
1003 651 1078 713 ad
1117 652 1530 713 liberationem
1558 663 1967 732 quaerermtur

223 742 262 774 ‘⁸
289 738 714 820 promissiones
753 735 893 808 Dei,
923 735 1039 795 hoc
1077 745 1187 806 est,
1219 733 1409 815 gratia
1446 732 1588 807 Dei,
1616 743 1677 793 et
1716 732 1963 816 incipiat

223 826 265 856 “
291 841 420 882 esse
447 819 510 881 in
542 818 788 880 homine
804 816 1060 898 justitia,
1086 837 1209 877 non
1240 837 1364 892 sua,
1392 815 1497 877 sed
1525 815 1643 877 Dei
1661 815 1712 875 ?”

792 1007 1404 1051 ψ

761 1166 869 1228 De
895 1166 1090 1227 Bonis
1122 1163 1443 1248 Operibus.

216 1263 442 1359 *CUM
482 1298 872 1359 necessariam
903 1297 980 1358 de
1010 1296 1128 1358 fide
1156 1296 1487 1357 doctrinam
1521 1306 1582 1356 et
1609 1293 1968 1356 consolatio-

219 1397 367 1442 nem
413 1379 677 1441 ecclesiis
726 1381 1141 1464 proponimus,
1183 1378 1420 1440 additur
1468 1390 1530 1439 et
1579 1378 1850 1439 doctrina
1891 1376 1967 1437 de

228 1458 402 1523 bonis
438 1462 736 1545 operibus.
808 1463 989 1533 Quod
1016 1461 1294 1524 videlicet
1320 1461 1648 1523 necessaria
1677 1461 1755 1520 sit
1782 1461 1844 1520 in
1881 1480 1970 1520 re-

225 1544 559 1606 conciliatis
581 1546 921 1607 obedientia
941 1568 1082 1627 erga
1103 1546 1298 1627 legem
1320 1546 1460 1606 Dei.
1530 1544 1692 1604 Nam
1717 1563 1971 1623 evange-

223 1623 379 1687 lium
406 1628 797 1689 concionatur
821 1627 898 1688 de
925 1649 1080 1687 nova
1107 1628 1249 1700 vita,
1266 1626 1447 1706 juxta
1476 1625 1644 1698 illud,
1667 1625 1853 1684 Dabo
1884 1622 1969 1684 le-

218 1727 365 1791 gem
405 1729 601 1771 meam
641 1711 706 1771 in
747 1709 1028 1771 cordibus
1070 1730 1295 1769 eorum.
1382 1708 1538 1768 Haec
1586 1707 1768 1787 igitur
1814 1727 1969 1766 nova

225 1789 350 1852 vita
374 1789 556 1853 debet
581 1815 711 1853 esse
740 1791 1082 1853 obedientia
1117 1813 1257 1874 erga
1284 1791 1510 1851 Deum.
1594 1789 1679 1849 Et
1719 1810 1972 1870 evange-

225 1870 378 1935 lium
400 1874 689 1957 praedicat
708 1875 1151 1958 poenitentiam,
1173 1897 1284 1935 nec
1305 1874 1559 1934 existere
1583 1872 1730 1932 fides
1752 1882 1971 1954 potest,

225 1956 342 2031 nisi
373 1956 435 2018 in
465 1958 559 2019 his
589 1959 693 2039 qui
723 1959 1147 2041 poenitentiam
1177 1968 1381 2039 agunt,
1409 1957 1549 2036 quia
1579 1955 1728 2015 fides
1759 1976 1971 2014 conso-

221 2036 387 2099 latur
412 2039 591 2100 corda
619 2040 682 2101 in
709 2040 1066 2101 contritione
1093 2051 1155 2099 et
1181 2040 1502 2100 terroribus
1581 2038 1789 2111 eccati,
1818 2038 1972 2098 sicut

228 2119 451 2182 Paulus
492 2122 688 2197 docet,
722 2122 1071 2205 Justfficati
1086 2120 1232 2203 fide
1265 2143 1479 2202 pacem
1522 2061 1848 2189 tibbemuae
1910 2130 1971 2180 et

229 2200 308 2263 de
349 2205 709 2286 poenitentia
756 2206 921 2280 dicit,
971 2204 1153 2265 Rom.
1185 2205 1261 2264 vi.
1311 2205 1381 2265 V
1374 2212 1506 2266 etus
1554 2212 1759 2263 noster
1803 2203 1972 2263 homo

225 2285 415 2347 αἠιυί
437 2286 767 2371 (tranfixus
794 2297 904 2363 est,
932 2298 1002 2349 ut
1030 2286 1348 2349 aboleatur
1377 2308 1592 2368 corpu-5
1604 2287 1866 2380 peccati,
1894 2306 1971 2346 ne

437 2391 472 2431 o
499 2371 776 2453 deinceps
806 2372 1158 2433 serviamus·
1241 2369 1326 2430 Et
1353 2369 1563 2430 Esaias
1602 2368 1818 2450 lnquit,
1857 2367 1975 2428 Ubi

228 2450 530 2598 mabit
569 2455 875 2517 Dominus
895 2456 933 2515 9
974 2455 1054 2517 In
1100 2452 1339 2535 Spiritu
1383 2453 1641 2513 contrito
1685 2460 1743 2512 et
1781 2450 1975 2511 humi-

382 2581 402 2610 ,
432 2537 541 2598 &c.

315 2618 615 2693 Secundo,
657 2619 827 2682 Inter
881 2621 1039 2681 bona
1094 2640 1293 2702 opera,
1330 2618 1707 2700 praecipuum
1767 2628 1859 2676 est
1914 2625 1976 2675 et

233 2721 509 2763 nummus
548 2702 744 2763 cultus
775 2703 894 2764 Dei
924 2702 1071 2764 fides
1101 2702 1249 2786 ipsa,
1278 2714 1339 2762 et
1375 2701 1533 2785 parit
1571 2700 1790 2761 multas
1831 2698 1973 2758 alias

234 2781 501 2859 virtutes,
528 2803 665 2865 quoe
700 2786 955 2847 existere
992 2806 1117 2847 non
1156 2798 1429 2868 possunt,
1459 2784 1570 2844 nisi
1603 2783 1766 2864 prius
1794 2779 1975 2841 corda

236 2863 419 2926 fidem
451 2868 872 2964 conceperint3
916 2869 1135 2930 Paulus
1163 2868 1326 2928 enim
1352 2867 1519 2939 dicit,
1544 2864 1854 2929 Quomodo
1882 2863 1974 2923 in-

235 2946 552 3023 vocabunt,
577 2952 698 3011 mati
726 2952 1094 3013 crediderint
1118 2952 1156 3011 9
1195 2951 1412 3011 Donec
1451 2947 1636 3009 animi
1678 2946 1977 3019 dubitant,

237 3051 316 3092 an
354 3052 389 3091 a
415 3030 555 3093 Deo
588 3033 1000 3113 exaudiantur,
1028 3033 1221 3095 donec
1260 3033 1527 3093 sentiunt
1555 3052 1617 3090 se
1647 3052 1683 3090 a
1710 3029 1849 3089 Deo
1887 3049 1979 3088 re-

227 3111 360 3191 jici,
399 3130 526 3174 non
564 3135 701 3176 vere
741 3116 1023 3178 invocant
1062 3117 1286 3178 Deum.
1373 3114 1491 3174 Sed
1533 3135 1673 3173 cum
1715 3110 1833 3171 fide
1874 3131 1979 3190 ag-

237 3195 545 3257 noscimus
574 3197 1055 3273 misericordiam‚
1085 3198 1464 3279 confugimus
1494 3196 1567 3256 ad
1598 3195 1824 3268 Deum,
1843 3191 1980 3253 dili-

237 3277 459 3360 gimus,
489 3278 855 3353 invocamus,
883 3303 1209 3363 speramus,
1227 3291 1625 3373 ‘expectamus
1662 3275 1976 3350 auxilium,

164 3368 176 3386 ⁴
237 3360 554 3421 obedimus
585 3362 646 3423 in
676 3363 1111 3437 afflictionibus,
1139 3384 1281 3443 quia
1298 3383 1426 3441 Jam
1459 3360 1683 3420 scimus
1711 3381 1820 3419 nos
1847 3379 1978 3419 esse

238 3442 416 3517 filios,
456 3455 521 3505 et
559 3445 792 3527 placere
833 3444 971 3506 Deo
1012 3458 1282 3506 nostrum
1326 3441 1706 3515 sacrificium,
1747 3449 1978 3502 nostras

239 3525 604 3589 afflictiones.
691 3528 827 3590 Hos
869 3528 1067 3589 cultus
1186 3526 1265 3587 rit
1299 3525 1468 3587 fides.
1552 3524 1839 3586 Proeclare
1865 3523 1979 3606 igi-

241 3618 342 3672 tur
382 3609 584 3692 inquit
623 3610 999 3686 Ambrosius,
1038 3617 1077 3647 “
1094 3549 1274 3671 Rides
1325 3610 1500 3670 bonae
1547 3605 1871 3669 voluntatis
1917 3617 2015 3692 et,

1057 3712 1100 3753 N
1132 3705 1169 3753 4

1643 3771 1677 3785 l
