2418 4172
795 381 1266 438 SAXONICA.
1788 387 1895 444 295

158 520 439 615 conjugio
480 523 680 616 vivere·
716 524 967 595 malunt,
1011 546 1193 667 ‹ssam
1238 524 1299 585 in
1341 522 1628 584 coelibatu
1672 523 1890 615 babere

157 617 449 664 sauciatas
487 607 900 678 conscientias,
929 629 1006 669 ne
1097 628 1234 667 eum
1276 605 1549 667 invocare
1580 615 1642 664 et
1675 626 1773 685 pie
1802 608 1888 667 vi-

156 706 291 746 vere
314 687 561 768 possint.

174 819 178 825 .
238 767 315 829 ln
353 768 929 852 desponsationibus,
954 770 1139 829 etiam
1168 768 1349 846 juxta
1386 780 1583 829 vetera
1599 767 1757 847 jura,
1830 792 1890 829 a-

153 860 390 911 rentum
418 872 773 912 eonsensum
804 849 1084 910 accedere
1109 850 1407 923 volumus,
1430 872 1568 911 cum
1594 791 1888 932 probagili

153 931 385 993 ratione.
403 943 677 1014 parentes
707 942 1040 992 moventur.
1125 932 1225 992 De
1252 931 1520 993 divortiis
1548 933 1890 995 firmissime

151 1022 389 1075 tenetur
427 1014 664 1096 regula:
721 1036 967 1096 peccare
1009 1036 1129 1088 eos,
1166 1014 1272 1095 qui
1316 1015 1407 1075 vel
1450 1014 1758 1090 adulterio,
1797 1018 1889 1077 vel

150 1092 502 1170 desertione,
534 1096 772 1157 initium
818 1097 1047 1158 faciunt
1086 1096 1505 1171 distractionis,
1539 1109 1599 1158 et
1637 1098 1886 1159 adulteri

150 1187 216 1239 et
238 1177 556 1241 adulterae:
601 1194 663 1240 et
690 1179 1014 1240 desertores
1054 1190 1116 1240 et
1153 1180 1497 1241 desertrices
1526 1180 1888 1243 condemna-

151 1281 288 1322 mus
313 1281 461 1323 voce
488 1261 833 1323 docentium
865 1262 923 1321 in
955 1261 1240 1335 ecclesiis,
1266 1273 1327 1323 et
1344 1262 1624 1342 judicum
1657 1264 1718 1324 in
1747 1286 1889 1325 con-

151 1341 420 1418 sistoriis,
448 1356 508 1404 et
536 1367 572 1404 a
600 1343 1045 1426 magistratibus
1089 1366 1287 1405 severe
1329 1345 1678 1427 puniuntur.
1765 1346 1886 1407 Sed

328 1447 418 1486 nae
446 1426 769 1500 innocenti,
788 1448 928 1487 cum
958 1448 1020 1487 re
1047 1428 1286 1508 cognita
1313 1429 1732 1510 pronuntiatur
1758 1451 1888 1490 esse

174 1505 356 1580 ibera,
400 1530 519 1568 non
561 1509 912 1602 prohibetur
952 1508 1323 1591 conjugium,
1366 1521 1433 1570 ut
1475 1510 1677 1571 Deum
1722 1512 1890 1572 invo-

150 1610 286 1650 care
311 1600 373 1650 et
398 1590 499 1673 pie
527 1612 722 1651 vivere
749 1592 956 1673 possit.
1039 1591 1197 1651 Cum
1226 1593 1389 1653 enim
1428 1614 1704 1675 expresse
1742 1594 1890 1654 libe·

149 1682 240 1731 ret
289 1671 589 1732 Dominus
651 1694 965 1754 personam
1026 1673 1428 1748 innocentem,
1484 1675 1710 1735 Mattb.
1757 1676 1886 1735 xix.

147 1772 287 1812 cum
317 1753 500 1814 altera
527 1753 758 1835 polluta
785 1766 877 1814 est
910 1750 1219 1826 adulterio,
1254 1755 1643 1836 intelligenda
1684 1767 1775 1816 est
1818 1757 1888 1816 li-

148 1833 392 1908 beratiO,
444 1857 565 1895 non
623 1846 858 1896 tantum
918 1837 1183 1910 nomine,
1239 1835 1341 1897 sed
1389 1858 1489 1898 re:
1548 1848 1610 1897 et
1666 1838 1885 1899 Paulus

145 1915 359 1977 eodem
417 1916 597 1977 modo
651 1918 934 1998 loquitur,
970 1918 1030 1978 in
1082 1941 1220 1979 casu
1271 1918 1639 1980 desertionis,
1726 1920 1887 1981 Haec

146 2009 349 2060 nostra
389 2000 760 2060 consuetudo
801 2012 862 2060 et
901 2022 1039 2061 cum
1075 2002 1258 2062 veteri
1289 2001 1561 2062 Ecclesia
1588 2003 1886 2084 congruit.

147 2080 396 2142 Caeterae
435 2081 595 2163 leges
634 2082 696 2142 in
735 2083 1099 2143 consistoriis
1136 2084 1350 2144 nostris
1380 2097 1719 2166 congruunt
1746 2108 1887 2147 cum

22 2176 31 2183 ‘
135 2163 275 2243 jure
321 2165 626 2238 canonico,
667 2176 728 2224 et
776 2166 1002 2258 populo
1044 2176 1202 2226 recte
1251 2163 1642 2249 proponimus
1693 2179 1885 2229 totam

146 2245 477 2307 doctrinam
536 2246 611 2307 de
661 2248 940 2329 conjugio
989 2260 1051 2309 et
1105 2249 1391 2309 castitate.
1475 2249 1886 2311 Adfirmamus

146 2338 391 2411 peccata
432 2351 559 2389 esse
601 2329 885 2391 damnata
922 2352 957 2390 a
983 2330 1138 2404 De0,
1170 2332 1459 2405 mortalia,
1487 2343 1548 2392 et
1581 2333 1887 2414 expellen-

0 2410 22 2482 ζῖξ.
144 2410 230 2471 tia
256 2410 548 2494 Spiritum
579 2412 890 2487 Sanctum,
917 2434 1127 2473 omnes
1156 2413 1635 2488 commixtiones,
1663 2437 1767 2475 seu
1799 2437 1889 2475 se-

0 2492 25 2516 ’·”
146 2491 328 2554 minis
355 2493 672 2555 effusiones
700 2507 868 2556 extra
897 2494 1283 2577 conjugium:
1330 2508 1391 2556 et
1429 2498 1648 2557 multas
1689 2498 1886 2558 tristes

142 2596 358 2659 poenas
414 2576 477 2637 in
537 2576 649 2638 hac
702 2578 827 2638 vita
881 2578 1080 2659 vagari
1138 2600 1245 2660 per
1299 2601 1487 2660 genus
1545 2579 1885 2640 humanum

142 2668 388 2741 propter
415 2658 711 2734 libidines,
738 2661 892 2721 sicut
921 2660 1207 2743 scriptum
1247 2672 1375 2722 est:
1421 2661 1799 2723 Scortatores
1827 2671 1887 2723 et

146 2738 457 2802 adulteros
476 2740 791 2834 judicabit
832 2743 1009 2804 Deus
1031 2768 1053 2803 .·
1105 2754 1167 2804 et
1208 2742 1284 2804 de
1333 2745 1428 2805 his
1472 2745 1670 2827 poenis
1719 2756 1885 2806 extat

146 2822 555 2899 comminatio,
579 2825 773 2886 Levit.
803 2826 969 2886 xviii.

228 2902 580 2967 castitatem
609 2928 748 2968 vero
776 2908 1179 2984 nominamus,
1206 2921 1269 2971 et
1297 2910 1356 2970 in
1388 2910 1511 2970 vita
1532 2909 1750 2971 coelibe
1770 2932 1886 2992 pu-

0 2951 38 3030 ,
147 2985 407 3061 ritatem,
433 2999 495 3050 et
537 3011 764 3050 servare
796 2990 935 3070 jura
976 2992 1273 3074 conjugii:
1318 3003 1380 3053 et
1419 2992 1788 3073 conjugium,
1816 3003 1886 3054 ut

148 3079 323 3130 antea
368 3068 837 3154 descripsimus>
854 3072 1239 3135 adfirmamus
1288 3097 1415 3135 esse
1463 3075 1807 3136 societatem
1852 3097 1889 3135 a

149 3150 288 3212 Deo
330 3152 689 3229 institutam,
726 3166 789 3215 et
828 3156 1138 3231 sancitam,
1166 3169 1228 3218 et
1269 3158 1502 3239 placere
1542 3156 1682 3218 Deo
1727 3157 1886 3219 hanc

149 3233 338 3315 ipsam
363 3235 705 3297 societatem
738 3248 800 3297 et
826 3236 1021 3299 officia
1048 3240 1184 3300 vitae
1214 3239 1544 3319 conjugalis
1568 3263 1582 3299 ε
1628 3251 1689 3298 et
1715 3238 1887 3300 dam-

148 3337 363 3377 namus
401 3317 691 3379 fanaticos
733 3341 960 3394 omnes,
989 3321 1341 3394 Basilidem‚
1366 3322 1712 3394 Tatianum,
1739 3321 1884 3382 Car·

111 3410 474 3480 ,pocratem,
516 3411 575 3460 et
623 3401 867 3473 similes,
909 3423 1163 3481 quorum
1223 3403 1319 3463 alii
1370 3403 1500 3462 aliis
1546 3402 1740 3464 modis
1788 3405 1885 3465 vel

17 3477 46 3542 ξ
147 3478 510 3543 damnarunt
538 3483 907 3565 conjugium,
934 3485 1028 3544 vel
1057 3495 1237 3545 tetras
1265 3484 1640 3545 confusiones
1675 3485 1886 3568 adpro-

19 3575 36 3601 -’
147 3561 456 3626 buerunt.
540 3566 919 3626 Damnamus
968 3578 1030 3626 et
1074 3567 1268 3660 legem
1312 3566 1705 3650 pontificiam,
1749 3590 1884 3650 quoe

150 3645 429 3727 prohibet
473 3647 875 3709 sacerdotibus
923 3647 1220 3731 conjugia,
1260 3661 1323 3711 et
1366 3671 1607 3712 causam
1657 3651 1893 3734 praebet

960 3752 1001 3790 U
1034 3744 1070 3791 4
1223 3767 1233 3780 ·
1625 3747 1685 3785 ‘ae
