2418 4172
811 418 1285 472 SAXONICA.
1811 421 1912 473 311

258 558 361 631 Fit
386 569 449 619 ot
470 580 747 642 expresse
776 560 849 621 ad
875 560 1120 634 Filium,
1150 570 1218 620 ut
1248 571 1284 619 2
1304 557 1516 619 Thess.
1540 557 1600 617 ii.
1625 559 1763 638 Ipse
1782 561 1918 622 Do-

174 641 374 702 minus
400 651 603 703 noster
626 643 816 704 «lesus
850 643 1147 711 Chr-ism,
1176 650 1236 701 et
1263 640 1440 701 Deus
1469 648 1530 701 et
1557 639 1757 700 Pater
1783 664 1916 702 nos-

172 730 292 797 ter,
318 725 427 818 qui
455 724 668 786 dilevit
693 747 821 798 nos,
850 723 1165 806 confirmet
1191 743 1312 793 vos,
1341 724 1453 783 &c.
1539 722 1696 782 Gen.
1727 723 1912 784 xlviii.

174 819 453 868 nominat
474 806 672 868 Jacob
697 806 923 878 Deum,
964 820 1026 865 et
1062 803 1461 864 Mediatorem
1494 803 1738 878 Filium,
1773 827 1912 866 cum

173 888 293 949 aitz
334 889 530 963 Deus,
558 890 762 948 coram
797 909 913 970 quo
941 886 1403 947 ambulaverunt
1435 894 1652 966 patres
1690 889 1827 962 mei,
1859 898 1917 949 et

165 969 460 1053 *Angelus
505 970 611 1052 qui
654 970 882 1050 eripuit
924 990 1020 1029 me
1065 968 1140 1029 de
1185 968 1418 1029 cunctis
1461 968 1660 1042 malis,
1692 969 1777 1045 (id
1810 983 1917 1045 est,

170 1051 501 1146 promissus
528 1052 844 1132 Salvator,)
873 1051 1183 1112 benedicat
1203 1052 1416 1132 pueris
1444 1052 1595 1113 istis,
1669 1051 1919 1113 Utimur

171 1133 359 1216 igitur
413 1133 506 1195 bis
569 1134 776 1195 formis
805 1158 820 1194 ε
892 1135 1118 1195 Invoco
1176 1147 1236 1193 te
1292 1134 1673 1216 omnipotens
1725 1135 1918 1209 Deus,

158 1228 391 1278 ‘eterne
435 1217 609 1277 Pater
644 1217 899 1277 Domini
953 1217 1135 1278 nostri
1170 1218 1320 1277 Jesu
1351 1216 1597 1290 Christi,
1626 1217 1919 1279 Conditor

105 1376 109 1378 v
170 1298 315 1360 coeli
339 1312 400 1360 et
427 1310 616 1372 terrae,
643 1312 706 1359 et
731 1300 1005 1360 omnium
1035 1311 1457 1373 creaturarum,
1485 1321 1607 1360 una
1644 1322 1780 1361 cum
1816 1301 1918 1361 Fi-

174 1380 257 1442 lio
283 1392 391 1445 tuo
418 1380 692 1443 Domino
722 1393 926 1442 nostro
952 1382 1101 1442 Jesu
1133 1382 1395 1455 Christo,
1423 1394 1485 1442 et
1512 1382 1739 1464 Spiritu
1770 1385 1918 1444 San·

173 1474 276 1525 eto
314 1475 441 1537 tuo,
472 1465 726 1546 sapiens,
754 1485 952 1536 verax,
982 1465 1158 1538 bone,
1176 1465 1361 1544 juste,
1390 1465 1710 1540 liberrime,
1739 1478 1919 1540 caste,

157 1557 238 1607 et
280 1546 635 1618 misericors,
674 1546 952 1607 miserere
995 1548 1135 1619 mei,
1173 1558 1235 1606 et
1281 1568 1378 1606 me
1422 1569 1529 1628 per
1570 1559 1632 1608 et
1675 1561 1921 1631 propter

167 1627 388 1688 Jesum
417 1627 752 1702 Christum,
782 1628 1005 1689 Filium
1037 1640 1208 1689 tuum
1254 1629 1613 1689 crucifixum
1655 1652 1767 1711 pro
1810 1653 1919 1690 no·

154 1709 288 1784 -bis,
312 1719 376 1770 et
415 1711 854 1783 resuscitatum,
881 1709 1096 1769 exaudi
1127 1722 1189 1769 et
1224 1710 1530 1771 sanctifica
1561 1732 1660 1771 me
1689 1712 1917 1794 Spiritu

168 1790 396 1853 Sancto
425 1801 548 1852 tuo.

253 1873 482 1935 Invoco
529 1885 591 1935 te
631 1874 784 1936 Jesu
821 1874 1083 1947 Christe,
1126 1874 1244 1935 Fili
1287 1874 1428 1948 Dei,
1474 1875 1762 1935 crucifixe
1813 1898 1921 1958 pro

173 1956 348 2017 nobis
375 1968 439 2018 et
465 1957 832 2030 resuscitate,
863 1958 1143 2018 miserere
1172 1958 1314 2030 mei,
1343 1957 1645 2018 intercede
1680 1981 1791 2052 pro
1823 1982 1920 2019 nie

172 2038 333 2121 apud
360 2050 649 2100 aeternum
683 2040 940 2111 Patrem,
967 2052 1028 2100 et
1062 2039 1369 2100 sanctifica
1406 2063 1507 2100 me
1542 2041 1772 2123 Spiritu
1811 2053 1921 2102 tuo

173 2120 418 2182 Sancto.
482 2122 556 2181 In
589 2122 682 2182 his
711 2122 919 2182 formis
949 2123 1172 2183 scimus
1201 2122 1348 2201 quid
1379 2123 1772 2202 alloquamur.
1836 2125 1922 2185 Et

172 2225 315 2264 cum
371 2215 580 2264 extent
635 2204 977 2264 testimonia
1018 2205 1199 2265 verbi·
1225 2204 1367 2278 Dei,
1410 2227 1542 2284 quae
1592 2206 1921 2267 ostendunt

175 2285 332 2347 hanc
378 2286 818 2347 invocationem
865 2287 1004 2347 Deo
1048 2287 1303 2370 placere,
1344 2299 1407 2348 et
1450 2288 1740 2363 exaudiri,
1783 2290 1919 2350 talis

173 2368 473 2430 invocatio
501 2368 622 2429 fide
652 2370 779 2429 fieri
811 2380 1027 2451 potest.

162 2496 167 2499 v
207 2495 209 2498 -
257 2450 415 2512 Hoec
442 2473 563 2512 non
595 2462 736 2512 sunt
765 2452 825 2511 in
854 2452 1231 2512 invocatione
1260 2473 1395 2531 quoe
1416 2454 1487 2511 fit
1518 2451 1593 2512 ad
1624 2452 1919 2514 homines.

156 2532 487 2615 ‚Colligunt
514 2534 790 2595 nonnulli
819 2535 1166 2595 testimonia
1193 2556 1267 2594 ex
1289 2534 1655 2615 Augustino,
1682 2546 1744 2595 et
1771 2536 1921 2610 aliis,

172 2627 245 2677 ut
268 2615 588 2678 ostendant
626 2617 813 2677 beatis
852 2617 915 2677 in
946 2618 1105 2677 coelo
1132 2639 1289 2678 curoe
1318 2639 1447 2677 esse
1481 2639 1573 2677 res
1604 2617 1918 2679 humanas.

174 2697 379 2759 Potest
421 2699 539 2761 hoc
581 2699 867 2760 illustrius
909 2699 1143 2760 ostendi
1181 2722 1255 2760 ex
1288 2700 1589 2780 colloquio
1619 2700 1826 2782 Moysi
1858 2713 1918 2761 et

174 2778 329 2841 Eliae
356 2802 495 2841 cum
526 2781 788 2843 Christe.
830 2782 916 2843 Et
944 2805 1065 2843 non
1096 2781 1349 2843 dubium
1381 2794 1490 2856 est,
1520 2785 1724 2842 beatos
1753 2804 1919 2843 orare

176 2882 287 2943 pro
313 2861 620 2924 Ecclesia:
663 2864 767 2924 sed
810 2876 1012 2925 tamen
1062 2865 1203 2925 inde
1250 2884 1372 2924 n'on
1424 2865 1711 2943 sequitur,
1754 2865 1924 2925 invo-

168 2942 400 3005 candos
429 2966 576 3006 esse.
661 2946 795 3007 Etsi
825 2958 1027 3007 autem
1063 2947 1369 3019 docemus,
1396 2969 1519 3007 non
1558 2947 1919 3008 invocandos

165 3047 306 3087 resse
327 3025 630 3096 homines;
662 3040 864 3117 tamen
897 3029 1170 3090 historias
1194 3031 1502 3090 beatorum
1537 3030 1763 3111 populo
1784 3051 1921 3111 pro-

165 3110 480 3190 ponimus.
565 3110 727 3179 Quia
768 3133 1007 3172 necesse
1050 3124 1139 3172 est
1178 3112 1459 3172 omnibus
1498 3112 1699 3191 aliquo
1739 3112 1920 3173 modo

178 3203 385 3252 notam
415 3213 556 3252 esse
600 3193 910 3255 historiam
951 3194 1262 3266 Ecclesiae,
1297 3195 1517 3274 quibus
1560 3194 1919 3256 testimoniis

177 3281 388 3335 vocata
414 3285 476 3334 et
503 3274 742 3336 condita
771 3276 850 3336 sit
879 3275 1169 3349 Ecclesia,
1197 3288 1259 3337 et
1296 3276 1601 3356 quomodo
1637 3289 1919 3353 servetur,

178 3366 239 3417 et
267 3354 430 3436 quod
473 3378 662 3437 genus
699 3357 985 3420 doctrinae
1028 3380 1134 3439 per
1161 3371 1378 3440 patres,
1406 3359 1749 3440 prophetas,
1778 3382 1920 3443 apo-

164 3438 382 3511 stolos,
408 3450 472 3499 et
501 3451 788 3519 martyres
818 3453 1213 3521 propagatum
1246 3441 1341 3500 sit.
1427 3441 1501 3502 In
1536 3441 1626 3501 his
1658 3442 1918 3503 historiis

167 3521 478 3599 jubemus,
499 3533 566 3582 ut
594 3543 804 3583 omnes
833 3534 1013 3603 agant
1043 3523 1263 3603 gratias
1286 3522 1439 3597 Deo,
1468 3524 1630 3604 quod
1661 3547 1724 3584 se
1751 3538 1919 3608 pate-

178 3602 343 3675 fecit,
370 3604 530 3684 quod
556 3605 786 3686 colligit
814 3603 1151 3666 Ecclesiam
1182 3627 1289 3689 per
1311 3605 1556 3679 Filium,
1585 3607 1746 3687 quod
1776 3607 1918 3671 doc·
2012 3686 2021 3691 ῃ

1016 3708 1054 3747 Χ
1087 3700 1120 3747 4
1614 3742 1645 3752 -

1648 3770 1684 3785 l
