2418 4172
505 373 613 429 446
960 374 1020 427 V.
1062 374 1492 429 DOCTRINAE
1534 374 1815 438 CAPUT,
1875 384 1878 387 ⁴

506 528 568 577 et
596 537 671 575 ex
704 515 818 576 hac
845 514 1195 576 orthodoxae
1223 515 1509 577 doctrinae
1534 516 1954 590 declaratione,
1974 514 2245 577 unanimi

505 597 781 659 omnium
825 609 886 658 et
929 598 1302 678 singulorum
1347 598 1531 658 totius
1560 600 1604 659 S
1650 597 1789 658 nodi
1837 598 2244 659 membrorum

506 701 804 741 consensu
843 682 1099 751 firmata,
1130 679 1424 759 judicent.
1510 621 1990 741 Calumniatores
2031 678 2247 740 deinde

507 762 666 856 ipsos
695 762 847 824 serio
871 775 1095 836 monet,
1116 761 1371 822 viderint
1393 783 1575 842 quam
1606 783 1783 843 grave
1806 761 1925 822 Dei
1945 760 2247 840 judicium

506 855 627 904 sint
655 844 928 917 subituri,
946 844 1049 924 qui
1081 856 1287 904 contra
1316 857 1407 904 tot
1434 844 1752 916 Ecclesiam,
1775 855 1983 904 contra
2011 854 2104 904 tot
2130 842 2245 905 Eo-

506 926 820 987 clesiarum
850 926 1290 1000 Confessiones,
1318 927 1534 987 falsum
1566 926 1980 987 testimonium
2019 923 2251 999 dicunt,

509 1008 902 1069 conscientias
938 1009 1312 1069 infirmorum
1351 1010 1612 1082 turbant,
1644 1008 1968 1088 multisque
2005 1029 2141 1068 vere
2182 1007 2255 1067 fi-

509 1090 734 1151 delium
766 1090 1110 1150 societatem
1142 1112 1242 1149 sus
1287 1101 1484 1150 ectam
1514 1089 1757 1150 reddere
1787 1100 2083 1171 satagunt.

593 1172 903 1232 Postremo
947 1170 1218 1230 hortatur
1245 1112 1381 1231 haec
1410 1171 1692 1252 Synodus
1721 1192 1933 1231 omnes
1962 1170 2023 1231 in
2052 1171 2256 1232 Evan-

510 1253 667 1335 gelio
694 1252 923 1312 Christi
955 1263 1339 1333 symmystas,
1366 1263 1437 1312 ut
1473 1252 1533 1311 in
1576 1252 1755 1331 hujus
1797 1251 2086 1314 doctrine
2123 1274 2257 1335 per·

510 1334 883 1409 tractatione,
914 1334 974 1393 in
1010 1334 1231 1395 scholis
1267 1347 1447 1415 atque
1483 1334 1546 1394 in
1588 1334 1876 1407 ecclesiis,
1903 1333 2005 1416 pie
2033 1345 2094 1395 et
2121 1334 2255 1396 reli·

554 1418 1046 1491 ioseversentur,
1086 1438 1218 1476 eam
1264 1427 1393 1477 tum
1442 1416 1665 1498 lingua,
1709 1428 1839 1477 tum
1891 1417 2143 1492 calamo,
2180 1415 2253 1479 ad

511 1440 720 1561 {ivini
753 1498 1012 1560 nominis
1037 1499 1308 1580 gloriam,
1331 1499 1468 1559 vitae
1490 1497 1974 1571 sanctitatemjet
1992 1510 2257 1560 conster-

514 1594 789 1643 natorum
849 1581 1186 1642 animorum
1246 1581 1524 1642 solatium
1583 1580 2063 1655 accommodent,
2113 1603 2254 1643 cum

513 1665 821 1746 Scriptura
850 1662 1178 1724 secundum
1212 1663 1350 1724 fidei
1388 1664 1720 1745 analogiam
1755 1686 1872 1724 non
1905 1663 2099 1724 solum
2128 1685 2262 1725 sen-

515 1747 687 1819 tiant,
715 1746 815 1806 sed
848 1747 1029 1806 etiam
1062 1746 1415 1827 loquantur;
1460 1768 1495 1806 a
1533 1746 1850 1828 phrasibus
1890 1744 2154 1827 denique
2190 1746 2260 1807 iis

514 1829 799 1890 omnibus
839 1829 1354 1908 abstineant‚.quae
1394 1828 1766 1909 praescriptos
1808 1827 1980 1888 nobis
2135 1828 2259 1889 uini

518 1923 860 1972 sanctarum
891 1910 1333 1991 Scripturarum
1364 1931 1570 1970 sensus
1604 1910 1825 1970 limites
1852 1930 1927 1971 ex
2043 1923 2174 1984 unt,
2201 1923 2260 1971 et

518 1993 805 2076 protervis
856 1991 1140 2073 sophistis
1180 1991 1407 2071 justam
1464 2012 1667 2051 ansam
1721 1992 1984 2072 praebere
2032 1992 2260 2075 possint

517 2075 849 2136 doctrinam
872 2073 1276 2134 Ecclesiamm
1295 2073 1778 2134 Reformatarum
1803 2094 1871 2133 su
1918 2073 2144 2148 illaudi,
2161 2087 2262 2136 aut

517 2158 701 2218 etiam
746 2155 1172 2218 calumniandi.
1257 2155 1445 2216 Filius
1475 2156 1596 2216 Dei
1625 2156 1807 2217 Jesus
1836 2156 1889 2216 C
1936 2156 2133 2231 ristus,
2159 2158 2263 2239 qui

519 2240 593 2301 ad
624 2239 895 2299 dextram
929 2238 1118 2299 Patris
1149 2237 1359 2298 sedens
1387 2238 1492 2299 dat
1518 2237 1677 2299 dona
1708 2238 2075 2314 hominibus,
2094 2260 2267 2301 sanc-

521 2323 712 2383 tificet
742 2344 849 2382 nos
880 2321 940 2381 in
971 2321 1235 2394 veritate,
1257 2343 1359 2381 eos
1389 2322 1492 2403 qui
1525 2331 1718 2381 errant
1749 2319 2010 2382 adducat
2052 2320 2126 2382 ad
2169 2342 2268 2383 ve-

522 2405 781 2478 ritatem,
809 2403 1343 2464 calumniatoribus
1366 2426 1527 2464 sanae
1548 2403 1831 2464 doctrinae
1853 2425 1957 2464 ora
1978 2404 2268 2478 obstruat,

521 2498 583 2547 et
620 2487 771 2548 fidos
807 2486 969 2548 verbi
1012 2486 1099 2546 sui
1144 2486 1447 2557 ministros
1483 2486 1693 2568 spiritu
1725 2485 2031 2627 sapientiae
2059 2498 2122 2547 et
2146 2486 2266 2548 dis-

522 2569 802 2630 cretionis
831 2569 1101 2639 instruat,
1131 2578 1197 2627 ut
1229 2568 1433 2628 omnia
1461 2568 1727 2649 ipsorum
1759 2590 1792 2627 e
1898 2567 1995 2629 uia
2031 2568 2106 2629 ad
2141 2569 2269 2650 glo·

523 2650 669 2711 riam
695 2650 835 2723 Dei,
853 2661 913 2710 et
932 2648 1391 2736 aedifica-tionem
1415 2649 1776 2721 auditorum,
1906 2662 2028 2717 nt.
2052 2650 2266 2713 Amen.

629 2801 780 2856 Huic
801 2801 966 2874 capit-i
989 2801 1164 2855 eadem
1188 2819 1307 2875 quae
1325 2804 1485 2874 prius
1508 2802 1913 2856 &abscribunmr
1933 2803 2167 2857 nomm.

527 3098 664 3151 Hzec
694 3095 869 3149 omnia
903 3095 970 3149 de
1003 3094 1251 3167 Quinque
1285 3093 1555 3147 Doctrinae
1594 3094 1871 3168 Capitibus
1908 3097 2272 3151 Controversia

597 3187 757 3240 supra
778 3186 892 3221 com
933 3166 1178 3230 rehensis,
1202 3165 1275 3219 ita
1298 3184 1406 3219 esse
1433 3179 1580 3236 gesta
1600 3167 1867 3221 'testamur
1892 3167 2273 3223 Illum-insinno-

601 3258 717 3293 rum
767 3259 826 3292 ac
928 3237 1290 3311 raepotentium
1339 3238 1468 3291 DD.
1517 3237 1778 3292 Ordinum
1814 3239 2153 3294 Genu-alium
2201 3239 2271 3295 ad

599 3312 731 3365 hanc
757 3310 1032 3383 Synodum
1057 3309 1332 3383 Deputati,
1366 3328 1615 3363 manuum
1661 3322 1955 3366 nostrarum
2004 3311 2273 3386 subsign-

598 3382 757 3436 tione.

1151 3453 1262 3507 Ex
1302 3451 1653 3507 GELDRIA.

533 3551 1020 3615 MARTINUS
1070 3551 1537 3615 GREGORII
1576 3553 1659 3614 D.
1696 3553 2096 3616 Canusium-ius
2133 3552 2270 3614 Du-

618 3644 789 3695 calus
824 3635 1109 3709 Geldm'oe,
1138 3644 1197 3696 et
1234 3635 1571 3697 Comitatus
1586 3635 1978 3716 ‘Zulplmm‘ae.
