2418 4172
1131 339 1623 429 PRAEFJTIO.

477 481 596 543 sed
632 482 793 564 quod
836 483 1116 544 omnibus
1159 494 1483 567 commune
1523 491 1633 552 est,
1665 477 1957 538 babemus
1999 477 2062 549 in
2100 475 2218 538 illis

474 599 595 638 non
626 578 918 660 privatam
947 578 1206 658 cujusvis
1234 575 1601 660 opinionem,
1624 571 1726 633 sed
1756 570 2071 655 publicum
2099 570 2221 633 Ec-

474 673 786 734 clesiamm
833 695 1210 736 consensum.
1292 672 1430 733 Alia
1471 682 1561 731 est
1602 667 1855 750 quaestio
1899 665 2045 748 quid
2093 665 2222 727 Lu-

474 768 697 842 thcrus,
746 768 889 850 quid
943 768 1357 841 Meiancthon,
1406 764 1550 846 quid
1594 763 1883 824 Calvinus
1939 762 2218 845 privatim

474 864 741 936 senserit,
766 864 898 937 alia,
919 864 1063 945 quid
1088 864 1330 947 publice
1358 862 1442 923 ita
1470 869 1927 943 proposuerunt,
1956 868 2027 918 ut
2053 878 2222 918 com-

474 960 641 1020 muni
674 982 917 1021 suorum
948 983 1238 1021 consensu
1273 958 1619 1031 muniretur,
1637 967 1695 1016 et
1727 955 1787 1015 in
1812 954 2009 1036 legem
2031 964 2222 1027 traus-

462 1055 602 1119 iret.
688 1056 763 1119 ln
804 1056 1048 1139 privatis
1077 1054 1583 1138 disputationibus
1621 1051 1868 1135 ingenio
1893 1072 2007 1113 suo
2032 1051 2221 1113 babe-

471 1173 581 1215 nus
612 1150 755 1215 dare
798 1154 993 1215 solent
1029 1153 1344 1222 homiues;
1387 1148 1846 1234 argumentandi
1886 1147 2097 1211 ardore
2133 1147 2221 1210 ef-

469 1248 776 1319 fen-nutum
819 1261 882 1311 et
906 1248 1051 1311 dum
1084 1250 1146 1310 iu
1187 1249 1305 1310 hoc
1332 1248 1425 1309 vel
1455 1248 1561 1308 illo
1599 1256 1962 1329 argumento
1982 1262 2223 1308 versan-

471 1355 588 1417 tur,
615 1354 721 1407 aut
763 1344 927 1406 hune
952 1345 1047 1405 vel
1082 1344 1254 1405 illum
1297 1364 1552 1404 errorem
1594 1342 1889 1403 intentius
1926 1350 2221 1424 spectum,

468 1452 531 1501 et
580 1440 775 1503 verbis
828 1438 1047 1502 aeriter
1094 1452 1447 1522 coarguunt,
1501 1440 1846 1521 frequenter
1899 1459 1978 1500 ex
2033 1438 2223 1501 altem

467 1547 636 1618 parte
684 1536 747 1598 in
792 1534 946 1597 illud
984 1536 1278 1610 incidunt,
1306 1534 1468 1617 quod
1511 1535 1811 1597 incautius
1852 1533 2085 1596 dietum
2123 1532 2220 1610 sit,

468 1645 530 1695 et
548 1632 732 1712 justoe
759 1631 1102 1716 exceptioni
1131 1631 1485 1691 obnoxium.
1566 1630 1703 1692 Nec
1728 1651 1872 1692 vero
1897 1653 1968 1692 ea
1993 1630 2220 1705 omnin,

470 1749 607 1809 quse
634 1728 749 1789 sibi
778 1727 923 1811 ipsis
951 1726 1218 1810 opinioni
1258 1726 1397 1801 sint,
1425 1738 1553 1786 tam
1592 1728 1771 1787 firmo
1809 1747 2053 1787 assensu
2090 1746 2222 1788 am·

469 1825 839 1907 plectuntur,
861 1836 931 1886 ut
954 1823 1284 1885 necessario
1313 1822 1607 1884 credenda
1636 1845 1767 1884 esse
1794 1834 2131 1898 autument,
2157 1833 2221 1884 et

470 1922 549 1984 ab
577 1922 706 1983 aliia
744 1920 1055 2003 exigenda.
1143 1902 1359 2001 Itaque
1397 1930 1529 1980 tum
1573 1918 1820 1980 demum
1865 1919 2219 1980 severiorem
2341 1941 2345 1945 ’

470 2018 587 2079 sibi
643 2019 839 2101 legem
897 2016 1172 2078 indicunt
1229 2016 1524 2090 homines,
1579 2038 1722 2077 cum
1780 2023 2223 2099 recognoscunt

469 2114 716 2176 consilia
744 2136 870 2188 sus,
895 2128 956 2174 et
985 2113 1270 2187 sentiunt,
1297 2134 1480 2194 quam
1521 2111 1671 2173 illud
1708 2132 1887 2195 grave
1923 2133 2081 2173 onus
2110 2121 2223 2186 est,

469 2226 531 2277 et
572 2213 844 2297 religiose
882 2210 1445 2284 administrandum,
1475 2209 1606 2271 aliis
1644 2210 1706 2270 in
1750 2211 1927 2271 rebus
1965 2208 2222 2271 maximi

471 2309 765 2372 momenti
807 2308 1000 2390 legem
1040 2306 1200 2380 dare,
1226 2317 1288 2366 et
1324 2305 1613 2367 Ecclesiae
1651 2326 1928 2366 normam
1962 2305 2222 2367 eircum-

470 2405 757 2467 scsibere:
802 2405 865 2465 iu
903 2425 1026 2484 qua
1066 2424 1130 2463 re
1166 2402 1348 2463 etiam
1389 2401 1642 2463 aliorum
1673 2400 1973 2482 judicium
2003 2422 2221 2485 expec-

470 2500 723 2562 tandum
752 2511 863 2574 est,
889 2511 952 2560 et
979 2520 1304 2561 consensus
1332 2520 1516 2579 quam
1560 2499 1829 2559 maxime
1855 2499 1983 2559 fleri
2020 2508 2222 2583 potest

472 2596 746 2659 omnium
790 2593 1150 2656 communis.
1233 2594 1478 2655 Debent
1516 2594 1721 2676 itaque
1757 2605 1821 2656 et
1862 2594 2059 2656 solent
2083 2594 2222 2676 qui·

471 2692 609 2754 dem
641 2692 1014 2775 plerumque,
1044 2691 1157 2752 nisi
1187 2711 1329 2753 eum
1359 2691 1620 2752 nimium
1656 2691 1920 2774 partium
1947 2689 2221 2753 studium
2252 2716 2273 2729 ·
2408 2707 2418 2728 ¹

471 2788 746 2849 omnium
778 2786 1009 2848 animos
1037 2786 1325 2857 infecerit,
1354 2786 1853 2870 circumspectius
1887 2797 1950 2848 et
1984 2785 2223 2870 religio-

473 2884 614 2947 sius.
641 2904 831 2966 agene,
869 2904 1051 2965 quem
1099 2904 1239 2946 cum
1286 2882 1580 2965 privatam
1631 2883 1992 2944 sententiam
2035 2902 2223 2967 expo-

472 2990 643 3054 nunt,
684 2990 743 3040 et
795 2979 950 3040 inter
994 2978 1426 3062 disputandum
1479 2991 1740 3041 tuentur.
1824 2977 2223 3041 Animsdven-

474 3074 724 3136 tendum
765 3085 859 3136 est
898 3075 1102 3149 etiam,
1130 3074 1292 3156 quod
1335 3075 1463 3136 fere
1500 3096 1874 3157 consequens
1899 3095 2030 3137 esce
2057 3074 2223 3137 vide-

474 3184 585 3242 tur,
614 3192 797 3252 quam
840 3170 1168 3254 prudenter
1191 3182 1254 3231 et
1294 3169 1599 3232 moderate
1633 3172 1897 3252 antiquie
1936 3170 2032 3233 bo
2056 3170 2225 3234 Con-

474 3268 753 3330 fessiones
783 3266 845 3327 in
874 3267 947 3327 iis
983 3266 1356 3349 explicandis
1383 3278 1693 3329 versantur
1718 3289 1856 3350 quoe
1891 3266 2223 3329 subtilioris

477 3371 615 3419 suut
648 3358 1000 3440 argumenti,
1031 3357 1193 3439 quod
1233 3367 1297 3420 et
1332 3358 1408 3421 de
1436 3360 1930 3423 Confessiouibus
1965 3359 2216 3423 ist-*um

479 3453 880 3517 Ecclesiamm
910 3453 1232 3516 dicendum
1264 3467 1374 3531 est,
1401 3478 1537 3538 quae
1575 3456 1637 3517 in
1677 3457 1777 3518 bis
1807 3457 1985 3519 rebus
2010 3453 2222 3539 rigide

479 3545 658 3609 nimis
684 3558 744 3607 et
773 3568 986 3609 severa
1014 3547 1285 3612 audiunt.
1368 3549 1725 3613 Sentiebant
1761 3549 2046 3613 nimitum
2084 3570 2218 3612 esse
