2418 4172
804 356 1281 410 SAXONICA.
1803 357 1911 415 249

166 521 277 585 par
309 499 498 561 varias
540 499 1002 572 observationes,
1044 521 1149 581 per
1190 498 1554 558 oblationem
1605 498 1663 557 in
1713 501 1911 573 missa,

165 603 277 666 per
306 582 791 643 intercessionem
840 582 1156 642 bominum
1198 593 1590 655 mortuorum,
1618 591 1678 641 et
1710 583 1913 643 multoe

169 677 517 727 monstrosae
547 664 994 748 superstitiones
1031 663 1388 743 excogitatae
1427 674 1587 736 sunt,
1618 675 1685 723 ut
1733 663 1915 724 bisto-

166 747 273 809 rioe
303 749 487 810 totius
513 747 800 809 Ecclesia:
829 757 967 827 post
996 746 1295 828 apostolos
1323 744 1666 805 ostendunt.

251 830 553 892 Adversus
586 830 693 889 bos
721 849 943 888 errores
982 829 1276 888 immensa
1318 827 1716 888 misericordia
1746 827 1916 889 Deus

170 912 424 974 subinde
453 933 660 972 vocem
693 910 1005 991 Evangelii
1052 911 1331 985 restituit,
1366 934 1435 972 ac
1477 923 1545 971 ut
1588 911 1647 971 in
1693 912 1917 993 populo

170 994 353 1058 lsrael
403 994 658 1055 subinde
708 995 1030 1076 propbetas
1078 994 1380 1067 excitavit,
1430 995 1533 1075 qui
1583 994 1916 1055 doctrinam

167 1090 594 1163 repurgarent:
654 1077 736 1138 ita
794 1077 853 1137 in
905 1077 1171 1151 ecclesia,
1221 1090 1359 1160 post
1407 1077 1726 1160 apostolos,
1776 1100 1915 1138 cum

173 1161 394 1256 scripta
421 1161 528 1222 Ori
611 1161 761 1234 nica,
790 1173 851 1220 et
882 1161 1219 1241 pelagiana,
1248 1172 1309 1220 et
1337 1161 1542 1243 populi
1575 1161 1919 1243 superstitio

217 1257 495 1306 untatem
584 1243 841 1324 vangelii
872 1244 1292 1326 corrupissent,
1312 1257 1514 1304 tamen
1538 1243 1704 1304 velut
1731 1244 1793 1304 in
1824 1267 1920 1304 ca·

199 1326 359 1410 igine
388 1349 586 1388 rursus
617 1348 864 1387 accensa
894 1338 983 1386 est
1013 1327 1116 1387 lux
1146 1328 1221 1387 ab
1251 1326 1630 1407 Augustino:
1674 1339 1736 1387 et
1759 1327 1922 1388 hunc

175 1410 364 1471 secuti
395 1421 537 1470 sunt
565 1410 834 1492 Prosper,
864 1409 1195 1483 Maximus,
1223 1422 1285 1470 et
1323 1410 1420 1470 alii
1452 1410 1556 1492 qui
1587 1409 1764 1470 falsas
1794 1411 1924 1493 opi-

177 1493 389 1554 niones
420 1493 482 1553 in
515 1494 628 1553 hoc
658 1491 906 1552 articulo
935 1504 1308 1553 taxaverunt.

261 1575 474 1636 Postea
514 1575 668 1635 natis
708 1575 1039 1647 monacbis,
1068 1597 1207 1635 cum
1239 1597 1438 1636 rursus
1467 1576 1584 1636 late
1614 1588 1927 1658 vagaretur

176 1657 401 1752 opinio,
419 1678 559 1738 quae
589 1657 764 1737 fingit
794 1657 1068 1716 homines
1099 1658 1311 1717 mereri
1343 1658 1750 1718 remissionem
1783 1680 1927 1740 ope-

175 1740 360 1814 ribus,
376 1739 619 1800 fuerunt
637 1750 841 1798 tamen
873 1738 1055 1819 aliqui
1088 1739 1306 1799 rectius
1328 1740 1670 1812 sentienteS,
1691 1741 1924 1801 etiamsi

174 1821 573 1884 fundamento
615 1821 862 1904 stipulas
906 1820 1224 1882 adderent:
1268 1834 1337 1883 ut
1382 1821 1590 1903 Hug0,
1626 1823 1922 1884 Bernhar-

177 1904 315 1980 dus,
369 1905 719 1980 Gilibertus,
775 1904 1164 1965 Guilhelmus
1207 1905 1570 1981 Parisiensis,
1617 1906 1927 1981 TauleruS,

178 1989 555 2062 Ambrosius,
579 1987 933 2060 WesselluS‚
970 2001 1032 2047 et
1076 1988 1216 2047 alibi
1262 1987 1379 2048 alii.
1464 1989 1549 2048 Et
1592 2011 1752 2051 nunc
1782 2011 1927 2051 voce

178 2070 433 2133 Lutheri
479 2069 671 2153 magis
713 2070 1006 2130 illustrata
1048 2082 1157 2146 est,
1194 2082 1256 2131 et
1297 2072 1614 2154 perspicue
1656 2073 1928 2133 restituta

180 2152 496 2249 Evangelii
524 2151 813 2227 doctrina,
847 2163 908 2214 et
948 2163 1310 2215 monstratus
1339 2176 1546 2236 agnus,
1584 2155 1740 2217 sieut
1766 2156 1931 2238 Bap-

179 2238 325 2299 tista
376 2236 610 2318 inquit:
663 2236 826 2297 Ecce
874 2257 1075 2333 agnus
1122 2237 1271 2312 Dei,
1357 2238 1423 2298 ui
1470 2237 1634 2299 tollit
1672 2248 1931 2319 peccata

182 2319 410 2382 mnndi.
501 2319 630 2384 Qui
674 2319 867 2380 credit
910 2342 974 2380 m
1015 2319 1263 2394 Filium,
1306 2259 1487 2382 Ζαὸεέ
1523 2322 1712 2382 vitam
1761 2330 1933 2383 ceter-

180 2424 363 2464 nam:
412 2403 521 2497 φεῖ
566 2424 683 2463 non
731 2403 942 2475 credit,
986 2411 1187 2464 manet
1230 2404 1329 2464 ira
1372 2403 1501 2465 Dei
1545 2426 1730 2486 super
1775 2427 1928 2467 eum.

185 2485 369 2548 Hanc
410 2507 600 2568 ipsam
646 2506 853 2546 vocem
899 2486 1212 2568 Evangelii
1260 2486 1665 2569 incorruptam
1718 2499 1933 2549 sonant

182 2569 367 2631 etiam
396 2568 662 2630 ecclesiae
701 2580 950 2630 nostrae:
993 2581 1056 2630 et
1082 2591 1360 2652 expresse
1388 2569 1784 2631 discernimus
1812 2571 1934 2631 dis-

183 2651 493 2735 ciplinam,
522 2674 626 2713 seu
661 2651 981 2732 justitiam,
1009 2674 1191 2734 quam
1236 2663 1436 2735 potest
1473 2653 1704 2715 efficere
1747 2655 1933 2714 homo

191 2755 313 2795 non
342 2747 602 2807 renatus,
630 2757 664 2794 a
682 2735 919 2815 justitia
948 2735 1108 2809 fidei,
1136 2748 1198 2797 et
1237 2736 1501 2797 novitate
1530 2736 1606 2797 de
1641 2759 1762 2817 qua
1790 2760 1934 2797 eon-

192 2816 466 2877 cionatur
481 2816 903 2899 Evangeliurn.
954 2819 1254 2894 Dicimus,
1271 2842 1481 2880 omnes
1513 2820 1787 2879 homines
1815 2820 1936 2880 dis-

191 2899 415 2993 ciplina
459 2900 814 2961 coercendos
859 2923 1019 2962 esse:
1063 2902 1126 2963 id
1172 2915 1280 2977 est,
1321 2902 1422 2962 illa
1457 2902 1711 2982 justitia,
1750 2924 1932 2982 quam

193 2994 374 3043 etiam
416 3004 540 3043 non
569 2983 756 3043 renati
829 2997 1061 3045 raestare
1090 2985 1331 3059 debent,
1361 2997 1422 3044 et
1459 2997 1766 3066 utcunque
1882 3008 1937 3045 s-

194 3077 356 3138 sunt,
408 3086 543 3146 quae
597 3077 689 3126 est
744 3005 1088 3129 obedientia
1142 3068 1205 3128 in
1262 3068 1522 3128 externis
1580 3009 1935 3141 actionibiis,

185 3147 365 3228 juxta
392 3146 596 3207 omnia
625 3161 921 3231 praecepta
950 3150 1067 3212 Dei
1099 3150 1171 3211 ad
1202 3173 1412 3212 omnes
1448 3151 1725 3211 homines
1833 3151 1939 3212 rti-

196 3230 418 3291 nentia.
503 3230 664 3299 Quia
690 3230 860 3292 Deus
900 3233 959 3293 in
993 3233 1237 3294 homine
1265 3246 1404 3315 post
1433 3234 1668 3315 lapsum
1699 3173 1940 3315 relizuit

198 3313 356 3374 hanc
398 3314 756 3388 libertatem,
785 3326 853 3375 ut
892 3315 1104 3375 rationi
1150 3326 1212 3375 et
1237 3316 1528 3376 voluntati
1571 3316 1804 3398 possint
1846 3328 1942 3378 ut·-

128 3417 142 3430 ·
196 3418 439 3477 cunque
481 3395 724 3456 obedire
762 3407 1008 3457 externa
1051 3399 1342 3469 membra,
1371 3399 1431 3458 in
1467 3398 1729 3460 externis
1765 3400 1943 3461 moti-

198 3479 311 3540 bus
353 3478 579 3540 ciendis
609 3479 703 3539 vel
745 3479 1125 3540 omittendis:
1168 3493 1237 3541 ut
1263 3480 1533 3542 Achilles
1575 3492 1774 3565 potest
1816 3483 1944 3577 gla-

193 3560 366 3625 dium
410 3561 720 3644 stringere,
759 3573 863 3623 aut
907 3561 1227 3624 recondere
1272 3563 1333 3624 in
1376 3563 1692 3646 vaginam:
1732 3565 1942 3650 Scipio

1647 3771 1680 3785 f
