2418 4172
523 358 634 413 388
1120 354 1680 412 CATECHESIS

615 509 749 561 103.
786 497 959 564 Quid
974 497 1252 579 proecipit
1280 498 1461 560 Deus
1486 499 1553 559 in
1577 506 1800 582 quarto
1815 507 2119 582 precepto
2138 499 2181 561 9

613 581 904 655 Primum,
921 592 988 641 ut
1015 580 1413 642 ministerium
1443 580 1759 674 Evangelii
1787 592 1850 643 et
1874 581 2100 644 scholoe
2121 601 2271 644 con-

531 662 917 725 serventur-¹:
974 677 1163 745 utque
1212 685 1325 746 ego
1381 683 1523 726 cum
1579 664 1729 738 aliis,
1774 675 1906 725 tum
1962 664 2270 748 praecipue

529 746 694 808 festis
743 746 974 817 diebus,
1017 746 1280 807 studiose
1325 758 1521 808 coetus
1564 746 1798 808 divinos
1841 746 2218 829 frequentem
2232 745 2272 823 ¹,

530 830 781 890 verbum
820 829 938 890 Dei
970 828 1287 911 diligenter
1315 829 1554 891 audiam
1573 841 1635 905 ¹¹¹,
1663 840 1797 891 utar
1824 828 2209 892 sacramentis
2223 839 2274 905 ³,

529 912 806 995 precibus
849 912 1106 995 publicis
1150 932 1314 972 meas
1356 934 1596 994 quoque
1632 933 1840 994 preces
1879 911 2206 995 adiungam
2225 921 2273 987 ⁰,

528 1016 638 1077 pro
666 994 1050 1056 facultatibus
1080 994 1308 1076 aliquid
1335 995 1639 1056 conferam
1668 995 1732 1056 in
1760 1016 2053 1079 pauperes
2068 1006 2114 1056 P.

612 1076 872 1149 Deinde,
911 1087 981 1136 ut
1024 1077 1086 1137 in
1124 1077 1292 1136 omni
1328 1077 1452 1139 vita
1492 1099 1527 1138 a
1568 1077 1765 1161 pravis
1802 1077 2138 1140 actionibus
2170 1095 2278 1138 vo-

530 1180 683 1253 cem,
709 1158 982 1248 Domino
1023 1158 1376 1252 concedens,
1413 1170 1486 1220 ut
1521 1179 1631 1242 per
1657 1159 1951 1254 Spiritum
1979 1157 2273 1255 §anctum

532 1239 1429 1385 33„5523353m⁰1¹3‚⁰{.{⁸3322’
1443 1252 1792 1386 ..233233
1838 1252 2275 1326 ”mmm

623 1419 766 1549 10453
794 1406 967 1472 Quid
1008 1406 1175 1468 nobis
1226 1405 1498 1490 injungit
1540 1407 1718 1470 Deus
1758 1408 1826 1469 in
1868 1405 2082 1491 qm‘m
2118 1424 2282 1489 pm

536 1510 568 1550 c
645 1497 705 1549 to

570 1509 709 1633 epUt
755 1571 1121 1654 parentibus,
1172 1584 1352 1654 atque
1408 1571 1558 1633 adeo
1611 1570 1893 1634 omnibus
2034 1571 2054 1633 i
2103 1570 2282 1634 nobis

532 1665 805 1737 praesunt
832 1654 1105 1716 debitum
1146 1655 1459 1730 honorem,
1486 1675 1775 1730 amorem,
1803 1665 1866 1716 et
1989 1674 2088 1716 em
2129 1660 2282 1738 prn-

535 1748 781 1810 stemus,
809 1759 1035 1818 nosque
1066 1737 1332 1819 ipsorum
1363 1737 1644 1798 fidelibus
1671 1737 1986 1820 praeoeptis
2013 1747 2077 1799 et
2104 1737 2284 1798 casti-

535 1819 878 1901 gationibus
935 1841 1024 1892 ea,
1080 1840 1208 1900 qua,
1256 1841 1364 1903 par
1410 1831 1520 1894 est,
1568 1820 1911 1882 obedientia
1961 1819 2284 1881 submitta-

537 1912 744 1963 mus‘:
788 1913 919 1962 tum
971 1901 1151 1961 etiam
1201 1914 1270 1963 ut
1304 1924 1511 1962 eorum
1553 1902 1696 1963 vitia
1737 1914 1801 1963 et
1842 1924 2038 1964 mores
2079 1913 2285 1964 noum

537 1984 825 2066 patientia
853 1983 1176 2044 toleremus
1193 1995 1232 2058 ⁸,
1261 1982 1409 2044 illud
1438 1985 1675 2066 semper
1701 1984 2055 2065 cogitantes,
2073 1982 2281 2047 Deum

538 2088 645 2127 nos
676 2065 913 2126 illorum
945 2086 1131 2126 manu
1158 2066 1313 2127 velle
1341 2065 1560 2127 ducere
1589 2087 1659 2127 ac
1684 2086 1887 2148 regem
1902 2070 1938 2127 θ.

629 2160 765 2210 105.
804 2147 1255 2233 Quidflagitat
1275 2149 1453 2210 Deus
1480 2149 1546 2209 in
1571 2156 1738 2210 sexto
1758 2156 2059 2231 proecepto
2079 2150 2119 2211 9

623 2231 715 2292 Ut
764 2230 1108 2314 proximum
1158 2253 1358 2313 neque
1403 2232 1785 2314 cogitatione,
1832 2252 2030 2314 neque
2068 2231 2287 2308 verbis,

538 2335 734 2395 neque
782 2314 1072 2396 gestibus,
1109 2315 1335 2376 nedum
1383 2315 1576 2390 factis,
1609 2314 1704 2375 vel
1745 2336 1853 2397 per
1890 2336 2009 2391 me,
2033 2314 2130 2375 vel
2174 2332 2287 2400 per

538 2396 724 2457 alium
768 2397 1136 2458 contumelia
1180 2397 1458 2471 afficiam,
1486 2408 1592 2458 aut
1627 2396 1877 2472 oderim,
1905 2410 2011 2459 aut
2046 2394 2284 2473 ledam,

540 2490 644 2539 aut
691 2479 961 2541 occidam
983 2491 1051 2549 ¹¹3
1105 2480 1209 2541 sed
1259 2501 1504 2541 omnem
1559 2479 1839 2541 vindictae
1887 2479 2282 2563 cupiditatem

539 2562 899 2642 abjiciam¹:
944 2562 1152 2643 adhgec
1195 2585 1271 2622 ne
1310 2584 1408 2623 me
1447 2563 1645 2645 ipsum
1686 2561 1920 2638 laedam,
1946 2573 2053 2624 aut
2087 2564 2285 2624 seim·

536 2644 600 2704 in
650 2643 891 2726 aliquod
936 2645 1267 2727 periculum
1316 2644 1678 2725 conjiciam?
1696 2670 1715 2717 ς
1757 2643 2038 2728 quocirca
2077 2643 2285 2722 etiam,

606 2820 630 2854 ⁸⁵
664 2822 765 2871 Tit.
792 2822 822 2872 ἱ.
844 2836 891 2887 5.
960 2839 977 2872 1
1005 2823 1132 2872 Um.
1154 2822 1220 2874 iii.
1243 2838 1319 2886 14,
1345 2837 1422 2887 15.
1489 2837 1506 2871 1
1537 2822 1729 2873 conix.
1763 2837 1975 2886 11-14,
2035 2824 2212 2874 2Ίῖ111.
2233 2812 2288 2875 il.

544 2906 588 2940 2.
612 2900 662 2940 et
684 2889 750 2939 iii.
780 2906 859 2953 14,
884 2906 956 2955 15.
1023 2908 1043 2939 1
1066 2890 1194 2941 Tim.
1214 2890 1274 2940 iv.
1303 2890 1513 2954 13—16.
1533 2900 1584 2941 et
1606 2907 1648 2940 v.
1674 2904 1753 2955 17.
1923 2891 1937 2923 ¹
1970 2890 2096 2942 Pal.
2120 2891 2185 2943 xl.
2208 2907 2287 2951 10.

548 2973 566 3006 1
583 2974 624 3006 1.
650 2968 698 3007 et
723 2957 862 3006 lxviii.
888 2971 961 3020 17.
1032 2960 1136 3008 Act.
1163 2957 1212 3007 ἱί.
1239 2972 1321 3020 42.
1345 2958 1425 3020 46.
1643 2966 1679 2990 ¹¹²
1709 2974 1729 3009 1
1758 2959 1870 3008 Cor.
1891 2957 1983 3010 xiv.
2008 2974 2085 3024 19.
2108 2973 2290 3027 2931.

543 3034 564 3057 ¹³
605 3041 623 3074 1
655 3027 767 3074 Cor.
790 3025 850 3074 xi.
876 3041 956 3088 33.
981 3039 1067 3088 34.
1199 3032 1222 3056 ⁰
1255 3041 1272 3074 1
1294 3025 1424 3074 Tim.
1452 3025 1499 3074 ii.
1521 3041 1563 3083 1,
1587 3041 1631 3083 2,
1658 3041 1706 3089 3.
1734 3027 1781 3085 8,
1800 3042 1849 3091 9,
1875 3042 1950 3076 10.
2017 3042 2037 3076 1
2058 3026 2170 3076 Cot.
2192 3025 2285 3077 xiv.

553 3093 629 3142 16.
766 3098 791 3132 Ρ
822 3108 839 3141 1
869 3095 983 3142 Cor.
1008 3093 1098 3142 xvi.
1125 3106 1172 3142 2.
1308 3102 1330 3134 ‘¹
1367 3092 1476 3142 lsai.
1500 3092 1607 3142 lxvi.
1635 3107 1714 3156 23.
1851 3101 1869 3125 '
1899 3092 2160 3161 Ephe-,vi-
2181 3109 2287 3152 1,2.

548 3175 595 3223 3,
622 3172 668 3224 5.
730 3159 915 3210 Coloss.
941 3159 988 3208 ii.
1018 3160 1092 3216 18,
1119 3175 1197 3217 20,
1222 3175 1300 3216 22,
1321 3176 1401 3225 23.
1421 3175 1501 3222 24.
1559 3161 1736 3227 Ephes.
1756 3178 1802 3211 v.
1826 3176 1901 3210 22.
1958 3162 2096 3211 Prov.
2114 3159 2146 3211 i.
2164 3161 2216 3211 8.
2236 3169 2288 3211 et

547 3226 606 3276 iv.
633 3243 671 3276 1.
696 3236 746 3277 et
762 3243 835 3277 xv.
856 3242 933 3277 20.
957 3237 1007 3276 et
1024 3244 1097 3278 xx.
1120 3243 1199 3277 20.
1256 3228 1410 3277 Exod.
1428 3228 1517 3277 xxi.
1542 3241 1615 3291 17.
1674 3229 1819 3278 Rom.
1837 3227 1933 3290 xiii.
1956 3243 2000 3278 1.
2106 3235 2125 3263 ⁸
2145 3228 2286 3278 M.

546 3293 672 3343 xxiii.
698 3310 776 3344 22.
847 3297 970 3345 Gen.
995 3293 1055 3344 ix.
1084 3310 1163 3357 24,
1193 3310 1272 3361 25.
1299 3296 1377 3344 26.
1455 3311 1472 3344 1
1504 3296 1607 3345 Pet.
1632 3294 1678 3345 ii.
1705 3297 1780 3346 18.
1974 3300 1992 3330 ⁸
2021 3292 2286 3363 span-vi.

546 3377 593 3423 4.
613 3378 663 3425 9.
711 3362 896 3411 Coloss.
914 3360 977 3411 iii.
1005 3378 1079 3427 19.
1127 3362 1272 3412 Rom.
1294 3362 1389 3412 xiii.
1414 3378 1460 3421 2,
1478 3377 1526 3426 7.
1569 3362 1714 3412 Matr..
1738 3361 1844 3412 xxii.
1868 3378 1946 3413 21.
2081 3370 2105 3396 “
2136 3359 2285 3411 nnn.

547 3446 591 3477 v.
620 3443 698 3485 21,
729 3445 807 3480 22.
832 3440 882 3479 et
904 3430 1022 3478 xxvi.
1050 3443 1132 3493 52.
1190 3432 1313 3479 Gen.
1341 3429 1403 3479 ix.
1427 3430 1475 3480 6.
1610 3439 1636 3464 ⁸
1669 3431 1795 3496 pr.
1819 3429 1881 3480 iv.
1901 3428 1981 3487 26.
2002 3441 2084 3494 87.
2138 3426 2287 3478 Bona.
2367 3447 2374 3454 ·

545 3495 621 3545 xii.
651 3512 723 3561 19.
792 3496 935 3548 Matt.
959 3513 1000 3546 v.
1030 3510 1110 3561 25.
1135 3507 1183 3546 et
1207 3496 1326 3546 xviii.
1351 3511 1434 3561 35.
1616 3506 1638 3538 Υ
1672 3498 1819 3548 Rom.
1839 3496 1934 3549 xiii.
1955 3510 2033 3558 14.
2097 3493 2285 3545 Cdo-s.

542 3561 587 3608 ii.
618 3578 691 3624 ²3-
764 3563 946 3613 Eccles.
972 3562 1032 3611 iii.
1064 3564 1141 3613 26.
1211 3564 1359 3613 Mau.
1382 3564 1442 3612 iv.
1467 3579 1510 3627 7.
