2418 4172
596 388 1470 444 HEIDELBERGENSIS.
1795 390 1904 446 387

246 528 336 592 Ut
362 551 484 592 non
512 531 708 595 solum
739 531 1123 606 exsecrando,
1152 543 1256 592 aut
1351 528 1604 611 jerando
1621 539 1668 599 ¹,
1690 551 1893 590 verum

159 610 341 675 etiam
393 623 618 675 temere
657 613 918 693 jurando
933 626 980 688 ἲ,
1028 635 1248 678 nomen
1360 613 1415 674 ei
1466 611 1896 672 contumeliose

159 705 265 756 aut
312 694 693 758 irreverenter
736 719 810 763 ne
857 718 1249 778 usurpemus;
1294 715 1443 755 neve
1488 692 1742 755 tacendo
1791 705 1896 753 aut

157 776 533 840 connivendo
582 777 887 842 horrendis
946 778 1072 838 istis
1121 777 1440 838 sceleribus
1489 774 1898 836 communice-

159 881 333 922 mus:
374 858 478 922 sed
519 871 898 921 sacrosancto
922 858 1040 919 Dei
1082 858 1325 918 nomine
1363 880 1485 918 non
1515 857 1626 917 nisi
1658 878 1896 918 summa

157 962 304 1010 cum
346 940 635 1024 religione
677 952 739 1001 et
773 941 1154 1005 veneratione
1203 951 1444 1001 utamur
1460 951 1503 1013 ²,
1540 951 1608 1000 ut
1648 962 1786 1000 vera
1833 950 1894 999 et

155 1022 451 1086 constanti
479 1022 851 1084 confessione
868 1033 912 1097 ⁸,
943 1023 1317 1084 invocatione
1334 1022 1379 1095 b,
1418 1022 1700 1083 omnibus
1729 1021 1896 1082 deni-

153 1127 274 1189 que
299 1105 496 1168 verbis
523 1117 586 1167 et
612 1106 944 1167 actionibus
974 1106 1189 1169 nostris
1218 1106 1345 1188 ipse
1372 1105 1708 1166 celebretur
1721 1115 1764 1165 ⁰.

243 1199 380 1251 100.
407 1188 629 1251 Est-ne
655 1189 853 1271 igitur
880 1189 1029 1250 adeo
1051 1210 1251 1271 grave
1269 1196 1586 1270 peccatum
1593 1186 1894 1270 jurando,

154 1279 266 1335 eut
292 1271 434 1334 dira
460 1270 864 1352 imprecandO,
891 1293 1100 1332 nomen
1125 1272 1253 1333 Dei
1280 1280 1597 1345 temerare,
1626 1279 1696 1331 ut
1716 1270 1894 1332 Deus

155 1354 338 1416 etima
380 1354 458 1416 iis
496 1362 863 1427 succenseat,
890 1355 1013 1437 qui,
1042 1363 1339 1437 quantum
1379 1355 1443 1416 in
1482 1375 1547 1415 se
1590 1362 1698 1428 est,
1735 1352 1897 1415 illud

153 1458 276 1500 non
292 1436 615 1520 prohibent
640 1445 750 1498 aut
775 1437 1110 1518 impediunt
1130 1438 1169 1497 ,⁹

236 1518 416 1582 Certe
443 1519 931 1602 gmvissimumd:
971 1519 1034 1580 N
1115 1542 1189 1580 ue
1216 1519 1378 1580 enim
1410 1520 1599 1580 ullum
1632 1529 1724 1579 est
1751 1540 1894 1602 pec-

154 1612 358 1666 catum
416 1601 632 1680 majus,
677 1613 782 1663 aut
835 1601 998 1683 quod
1122 1623 1261 1663 eum
1318 1602 1554 1684 gravius
1610 1601 1890 1671 offendat,

153 1705 358 1769 quam.
381 1684 531 1747 sacri
580 1684 768 1766 ipsius
812 1684 1077 1744 nominis
1124 1684 1506 1747 contumelia.
1592 1683 1892 1752 Quocirca

151 1766 337 1831 etiam
365 1765 428 1827 id
457 1765 649 1828 scelus
680 1776 872 1826 morte
899 1766 1140 1827 multari
1168 1765 1361 1827 voluit
1376 1777 1419 1825 ².

242 1860 378 1911 101.
404 1847 726 1911 Potest-ne
751 1849 887 1932 quis
915 1848 1098 1910 etiam
1125 1848 1232 1930 pie
1255 1868 1375 1929 per
1400 1869 1614 1911 nomen
1640 1847 1891 1929 Deiju-

151 1951 300 1996 rare
318 1932 359 1994 9

234 2014 459 2088 Potest,
483 2036 625 2076 cum
654 2016 747 2075 vel
790 2016 1172 2095 magistratus
1213 2014 1291 2075 id*
1314 2014 1519 2096 exigit,
1546 2014 1639 2074 vel
1670 2013 1891 2095 alioqui

152 2096 472 2158 necessitas
501 2096 619 2158 hoc
654 2108 834 2180 pacto
864 2097 1044 2158 fldem
1077 2096 1319 2166 firmari,
1347 2108 1410 2157 et
1435 2096 1744 2157 veritatem
1775 2109 1893 2157 sta-

152 2178 310 2240 biliri
339 2179 640 2261 postulat3
683 2201 804 2260 quo
832 2190 894 2239 et
920 2179 1108 2261 gloria
1140 2179 1261 2239 Dei
1288 2178 1635 2252 illustretur,
1662 2190 1723 2238 et
1749 2178 1893 2238 alio-

151 2282 288 2324 mm
330 2261 504 2322 saluti
553 2261 927 2323 consulatur:
972 2284 1111 2322 nam
1155 2260 1284 2341 ejus
1323 2261 1554 2343 generis
1585 2259 1892 2340 jusjuran-

150 2342 300 2407 dum
330 2344 511 2404 verbo
545 2343 665 2404 Dei
711 2343 975 2404 sancitur
991 2343 1028 2416 f,
1070 2343 1325 2424 ideoque
1367 2344 1548 2404 etiam
1594 2365 1629 2403 a
1671 2343 1891 2404 sanctis

151 2425 215 2488 in
244 2425 447 2488 Veteri
475 2437 539 2487 et
564 2426 744 2487 Novo
773 2426 825 2486 F
826 2426 1027 2487 oedere
1053 2437 1213 2487 recte
1240 2437 1332 2486 est
1359 2436 1712 2508 usurpatum
1732 2437 1779 2484 8.

185 2565 193 2571 .
240 2520 377 2571 102.
404 2507 629 2572 Eri-ne
654 2507 887 2570 licitum
902 2508 1136 2592 jurare
1165 2529 1283 2590 per
1306 2517 1566 2582 sanctos,
1595 2516 1705 2570 aut
1731 2507 1891 2569 alias

153 2592 521 2655 wan-as?

232 2673 416 2736 Non:
458 2672 623 2736 Nam
653 2673 994 2757 legitimum
1013 2674 1425 2754 juramentum
1462 2684 1554 2734 est
1592 2672 1890 2734 invocatio

152 2754 295 2830 Dei,
321 2777 442 2837 qua
482 2756 724 2839 petitur,
760 2754 829 2818 ut
871 2756 920 2817 is
963 2757 1111 2851 ipse,
1151 2768 1461 2838 tamquam
1507 2757 1717 2818 unicus
1760 2778 1891 2817 cor-

153 2837 322 2900 dium
366 2837 682 2920 inspector,
709 2840 1119 2901 testimonium
1163 2839 1267 2900 det
1293 2839 1547 2911 veritati,
1588 2850 1648 2899 et
1681 2838 1890 2918 juran-

154 2931 277 2982 tem
306 2919 539 3003 puniat,
566 2921 616 2981 si
654 2921 844 2983 sciens
883 2921 1127 2983 fallatb:
1170 2944 1346 3006 porro
1385 2921 1484 2983 bic
1520 2922 1710 2982 honos
1740 2920 1887 2981 nulli

153 3013 435 3065 creaturae
462 3003 742 3064 convenit
756 3003 787 3064 ἱ.

812 3096 842 3121 N

221 3133 244 3157 ⁸
278 3125 435 3176 Levit-
455 3126 575 3178 xxiv.
606 3142 815 3192 10—17.
836 3127 992 3178 etxix.
1017 3144 1091 3179 12.
1227 3139 1250 3172 5
1284 3130 1430 3178 Μαι.
1449 3146 1492 3177 v.
1512 3142 1595 3192 37.
1629 3129 1731 3177 Jac.
1749 3145 1790 3176 v.
1815 3144 1888 3178 12.

155 3200 174 3224 ⁸
209 3193 319 3243 lni.
342 3193 433 3243 xlv.
461 3209 540 3258 23.
788 3204 809 3228 ⁸
840 3196 986 3245 Μαι.
1009 3214 1057 3244 x.
1081 3211 1163 3260 32,
1188 3211 1269 3260 33.
1512 3196 1536 3227 b
1564 3212 1582 3244 1
1612 3196 1741 3244 Tim.
1766 3194 1814 3244 ii.
1841 3197 1887 3245 8.

153 3268 175 3292 ‘
206 3260 352 3310 Rom.
375 3259 422 3309 ii.
445 3276 524 3323 24.
580 3278 599 3310 ι
619 3261 821 3311 '1'im.vi.
847 3278 888 3311 1.
945 3262 1129 3312 Coloss.
1155 3263 1220 3312 iii.
1246 3264 1318 3321 16,
1342 3277 1417 3325 17.
1553 3261 1576 3293 ⁴
1601 3262 1753 3310 Levit.
1777 3278 1820 3311 v.
1846 3278 1887 3312 1.

152 3334 175 3359 ε
205 3327 361 3377 Levit-
384 3329 504 3376 xxiv.
526 3330 703 3392 15,16.
855 3329 872 3362 ¹
903 3330 1049 3379 Deut.
1075 3330 1132 3378 vi.
1159 3346 1234 3393 13.
1258 3342 1308 3379 et
1328 3346 1372 3378 x.
1402 3346 1481 3379 20.
1546 3328 1658 3378 lsai.
1681 3329 1818 3378 xlviii.
1845 3345 1887 3379 1.

155 3394 285 3444 Eeb.
309 3396 372 3443 vi.
398 3395 473 3444 16.
708 3405 732 3437 ⁸
764 3397 889 3444 Gen.
913 3396 1004 3445 xxi.
1033 3412 1110 3458 24.
1135 3410 1186 3445 et
1209 3396 1330 3445 xxxi.
1354 3411 1435 3460 53.
1502 3398 1606 3445 Jos.
1629 3397 1692 3444 ix.
1718 3410 1792 3460 15,
1814 3411 1888 3460 19.

158 3476 183 3511 1
204 3463 334 3511 Sam.
358 3461 482 3511 xxiv.
505 3477 584 3518 21,
612 3478 690 3512 υ.
741 3478 767 3511 2
792 3464 921 3511 Sam.
946 3462 1012 3511 ἱίἰ.
1037 3476 1117 3527 35.
1159 3479 1178 3511 1
1208 3466 1332 3529 Reg-
1357 3462 1388 3512 i.
1416 3464 1494 3521 28,
1517 3479 1596 3528 29,
1615 3478 1696 3527 30.
1742 3464 1888 3513 Rom.

154 3529 189 3577 i.
210 3544 263 3594 9.
331 3545 360 3578 α
384 3531 494 3578 Cor.
520 3528 553 3578 i.
580 3545 660 3592 23.
795 3528 819 3561 ¹²
856 3546 882 3580 2
905 3531 1015 3579 Cor.
1038 3530 1070 3579 i.
1100 3544 1179 3593 23.
1315 3527 1326 3559 ¹
1359 3530 1504 3580 Mau.
1527 3547 1571 3580 v.
1596 3545 1680 3594 34,
1707 3544 1788 3596 35,
1807 3531 1890 3595 36.

154 3594 320 3647 Jacob.
345 3612 390 3645 v.
415 3612 490 3645 12.

946 3682 983 3723 c
1012 3684 1048 3724 c
1078 3677 1115 3725 2

1659 3770 1693 3784 l
