2418 4172
0 746 22 899 ἰ

0 905 15 1071 Ξ

534 345 1094 403 AUGUSTANA
1142 345 1510 400 MDxxxl.
1786 349 1898 404 12⁷

145 503 284 578 pter
320 490 635 553 Christum
679 488 907 551 remitti
950 497 1217 581 peccata,
1258 499 1320 548 et
1364 488 1708 549 consolatur
1746 512 1895 551 con-

146 574 480 648 scientiam,
522 584 585 635 et
633 594 710 634 ex
761 570 1083 632 terroribus
1129 570 1357 630 liberat.
1442 569 1686 631 Deinde
1721 574 1889 653 sequi

144 654 370 720 debent
399 658 558 718 bona
584 676 790 739 opera,
812 673 950 735 quoe
977 665 1121 713 sunt
1150 652 1378 714 fructus
1407 653 1801 734 poenitentiae.

163 772 172 784 ·
227 738 546 801 Dumnant
563 736 1012 820 Anabaptistas,
1029 735 1133 816 qui
1158 747 1381 817 negant
1402 736 1586 795 semel
1601 735 1895 813 justifica-

143 831 241 885 tos
288 844 463 906 posse
507 820 783 882 amittere
831 819 1122 902 Spiritum
1170 818 1481 879 Sanctum.
1568 818 1747 892 Item,
1788 819 1892 899 qui

145 903 522 968 contendunt
548 901 912 985 quibusdam
943 911 1175 962 tantam
1206 900 1636 983 perfectionem
1677 901 1740 961 in
1783 901 1896 962 hac

144 986 272 1050 vita
305 987 673 1069 contingere,
699 997 770 1047 ut
805 1006 1055 1068 peccare
1087 1005 1208 1045 non
1245 984 1496 1068 possint.
1579 982 1898 1044 Damnan-

145 1081 249 1134 mr
275 1081 340 1132 et
365 1068 717 1142 Novatiani,
747 1068 852 1150 qui
882 1067 1171 1128 nolebant
1198 1067 1504 1128 absolvere
1532 1066 1729 1150 lapsos
1759 1080 1897 1150 post

146 1152 519 1248 baptismum
548 1151 865 1213 redeuntes
894 1150 968 1211 ad
998 1150 1442 1233 poenitentiam.
1516 1148 1902 1229 Rejiciuntur

146 1245 212 1299 et
235 1234 357 1312 isti,
383 1236 489 1318 qui
517 1257 639 1296 non
668 1234 891 1296 docent
917 1233 1334 1294 remissionem
1364 1243 1748 1315 peccatorum
1790 1255 1899 1316 per

148 1317 335 1380 fldem
364 1318 731 1400 contingere,
763 1316 867 1377 sed
885 1316 1109 1397 jubent
1138 1338 1246 1376 nos
1276 1316 1486 1377 mereri
1511 1316 1767 1399 gratiam
1792 1338 1898 1400 per

149 1400 583 1464 satisfactiones
612 1412 860 1461 nostras.

482 1543 671 1605 XIII.
714 1542 819 1604 De
855 1541 985 1604 Usu
1014 1542 1571 1603 Suc-ramentorum.

148 1622 303 1706 DE
341 1666 458 1706 usu
497 1656 1010 1706 sacramentorum
1050 1642 1291 1716 docent,
1318 1642 1483 1723 quod
1526 1654 1899 1702 sacramenta

148 1726 427 1790 instituta
466 1726 607 1799 sint,
647 1747 771 1786 non
812 1724 997 1786 modo
1039 1736 1108 1784 ut
1149 1725 1272 1785 sint
1312 1736 1471 1784 notae
1490 1719 1899 1806 ‘professionis

148 1809 307 1873 iuter
332 1809 629 1880 homines,
658 1807 763 1869 sed
792 1807 988 1889 magis
1014 1818 1086 1867 ut
1114 1806 1236 1867 sint
1264 1806 1436 1888 signa
1462 1818 1525 1866 et
1552 1807 1901 1868 testimonia

146 1891 475 1954 voluntatis
515 1892 637 1954 Dei
680 1914 822 1973 erga
865 1912 997 1964 nos,
1041 1889 1134 1950 ad'
1158 1889 1544 1951 excitandam
1584 1901 1646 1950 et
1683 1891 1902 1950 confir-

149 1974 437 2038 uisudam
482 1974 665 2035 fidem
704 1975 767 2035 in
807 1973 901 2033 his
939 1973 1045 2053 qui
1084 1984 1338 2033 utuntur
1363 1972 1688 2056 proposita.
1775 1972 1902 2033 Ita-

150 2080 277 2140 que
308 2056 604 2118 utendum
643 2068 736 2117 est
777 2058 1184 2129 sacramentis,
1211 2055 1298 2115 ita
1338 2068 1410 2116 ut
1447 2055 1597 2115 fides
1634 2055 1900 2128 accedat,

151 2162 288 2222 quoe
315 2139 521 2201 credat
547 2139 1067 2222 promissionibus,
1097 2159 1234 2218 quoe
1261 2159 1369 2220 per
1397 2150 1770 2199 sacramenta
1797 2160 1904 2198 ex-

152 2222 443 2284 hibentur
467 2234 530 2283 et
554 2221 969 2282 ostenduntur.

233 2304 553 2367 Damnant
608 2305 793 2387 igitur
846 2303 999 2376 illos,
1046 2303 1152 2383 qui
1208 2302 1447 2374 docent,
1489 2302 1652 2384 quod
1708 2324 1906 2364 sacra·

153 2398 361 2451 muta
385 2410 463 2449 ex
492 2409 672 2470 opere
698 2397 947 2470 operato
962 2385 1323 2465 justificent,
1345 2408 1456 2447 nec
1475 2385 1695 2447 docent
1718 2385 1899 2447 fidem

151 2471 373 2553 requiri
414 2471 480 2532 in
523 2493 636 2532 usu
681 2480 1216 2542 sacramentorum,
1250 2491 1387 2551 quae
1430 2467 1635 2529 credat
1676 2468 1901 2528 remitti

150 2566 414 2639 peecata.

488 2677 665 2739 XIV.
710 2677 816 2739 De
850 2676 1085 2739 Ordine
1114 2675 1563 2738 Ecclesiastico.

156 2786 310 2866 DE
333 2803 540 2864 ordine
568 2804 970 2865 ecclesiastico
997 2803 1236 2876 docent,
1264 2802 1427 2883 quod
1469 2823 1649 2861 nemo
1687 2799 1903 2859 debeat

156 2885 218 2979 in
276 2886 527 2980 ecclesia
554 2887 822 2980 ‘publice
870 2886 1103 2961 docere,
1145 2898 1248 2947 aut
1299 2896 1670 2945 sacramenta
1712 2881 1906 2943 admi-

156 2979 427 3043 nistrare,
456 2990 571 3030 msi
602 2981 715 3030 rite
741 2981 1007 3031 vocatus.

499 3111 643 3175 XV.
685 3113 792 3175 De
805 3090 1072 3175 {Quibus
1100 3111 1570 3174 Ecclesiasticis.

156 3193 310 3276 Dr.
334 3214 552 3276 ritibus
581 3214 999 3277 ecclesiasticis
1026 3214 1266 3286 docent,
1296 3213 1459 3295 quod
1490 3213 1637 3272 ritus
1668 3211 1754 3271 ini
1786 3232 1911 3272 ser-

156 3298 336 3360 vandi
376 3297 520 3370 sint,
548 3296 654 3377 qui
692 3297 821 3357 siue
859 3309 1107 3380 peccato
1134 3297 1348 3358 servari
1381 3307 1652 3378 possunt,
1679 3306 1742 3354 et
1770 3315 1909 3377 pro-

157 3393 304 3444 sunt
329 3379 407 3442 nd
433 3378 931 3460 tranquillitatem
959 3391 1024 3440 et
1049 3380 1279 3439 bonum
1315 3378 1590 3438 ordinem
1621 3377 1686 3438 in
1712 3376 1908 3439 eccle-

160 3464 267 3539 sia,
293 3464 449 3525 sicut
480 3475 655 3523 certae
685 3462 865 3535 ferioe,
893 3462 1044 3522 festa
1070 3473 1132 3522 et
1159 3460 1399 3522 similia.

190 3581 195 3586 ·
221 3546 343 3610 .De
367 3546 592 3608 talibus
624 3546 800 3606 rebus
829 3557 1036 3607 tamen
1066 3543 1470 3605 admonentur
1507 3541 1801 3617 homines,
1823 3560 1907 3603 ne

1680 3775 1715 3787 l
