2418 4172
657 358 1214 414 AUGUSTANA
1267 356 1524 410 MDXL.
1855 359 1961 416 167

215 502 446 566 unitate
517 523 782 581 persona
854 498 1324 585 inseparabiliter
1392 496 1751 576 conjunctoe‚
1800 520 1955 561 unus

215 584 517 658 Christus,
548 606 682 646 vere
703 584 896 657 Deus,
922 596 985 645 et
1010 604 1147 644 vere
1177 579 1381 653 homo,
1402 590 1578 641 natus
1606 600 1680 639 ex
1710 580 1785 639 vi
1861 583 1958 643 ine

214 667 431 741 Maria,
461 689 594 728 vere
631 688 860 750 passus,
892 666 1233 736 crucifixus,
1263 674 1535 722 mortuus
1572 673 1635 723 et
1670 684 1817 745 sepu
1844 674 1959 738 tus,

214 763 284 812 ut
324 749 733 812 reconciliaret
782 748 956 808 nobis
1000 747 1259 818 Patrem,
1290 754 1352 804 et
1394 742 1590 804 hostia
1630 756 1804 818 esset,
1834 767 1954 806 non

214 844 452 900 tantum
495 853 605 914 pro
647 830 827 911 culpa
867 829 1131 911 originis,
1160 826 1261 887 sed
1299 826 1482 887 etiam
1524 848 1635 909 pro
1673 827 1956 888 omnibus

214 914 546 977 actualibus
590 913 851 996 peccatis
895 911 1231 971 hominum.
1318 908 1490 969 Idem
1536 908 1846 971 descendit
1884 908 1958 970 ad

213 997 451 1068 inferos,
478 1007 541 1056 et
569 1017 706 1056 vere
734 995 1052 1056 resurrexit
1081 993 1255 1053 tertia
1288 991 1407 1066 die,
1436 990 1651 1053 deinde
1691 992 1961 1054 ascendit

160 1106 162 1109 ·
213 1078 291 1142 ad
315 1079 540 1154 ooelos,
567 1090 636 1139 ut
674 1077 877 1138 sedeat
914 1077 988 1138 ad
1023 1076 1298 1137 dextram
1330 1075 1540 1148 Patris,
1569 1087 1630 1135 et
1667 1087 1960 1158 perpetuo

213 1171 425 1245 regnet
465 1173 528 1223 et
567 1161 913 1223 dominetur
953 1159 1234 1221 omnibus
1278 1158 1582 1232 creaturis,
1625 1158 1961 1219 sanctificet

213 1243 525 1307 credentes
568 1244 630 1305 in
675 1243 898 1325 ipsum,
927 1243 1113 1304 misso
1155 1242 1217 1301 in
1263 1240 1443 1301 corda
1479 1262 1688 1301 eorum
1728 1241 1958 1323 Spiritu

215 1326 458 1401 Sancto,
493 1339 556 1387 et
596 1326 982 1388 sanctificatis
1025 1324 1128 1385 det
1170 1324 1355 1384 vitam
1398 1334 1702 1384 aeternam.
1786 1323 1962 1385 Idem

215 1409 495 1471 Christus
539 1409 738 1493 palam
788 1420 879 1469 est
926 1407 1241 1477 rediturus,
1290 1417 1359 1467 ut
1405 1405 1640 1486 judicet
1681 1406 1866 1481 vivos,
1899 1416 1964 1466 et

216 1503 486 1555 mortuos
548 1493 948 1565 resuscitatos,
1002 1489 1183 1570 juxta
1246 1489 1594 1571 symbolum
1663 1489 1964 1571 apostolo-

217 1595 371 1636 rum.

1035 1713 1145 1775 1v.

223 1800 362 1883 UT
388 1833 590 1880 autem
621 1838 1063 1900 consequamur
1091 1817 1223 1877 haec
1255 1813 1549 1875 beneficia
1577 1813 1826 1889 Christi,
1853 1814 1966 1876 sci-

216 1901 360 1964 licet
414 1902 827 1963 remissionem
998 1911 1291 1972 catorum,
1329 1896 1851 1978 justificationem,
1906 1912 1971 1959 et

216 1984 403 2045 vitam
448 1996 756 2059 aeternam,
784 1984 822 2044 d
905 1984 952 2043 it
993 1982 1269 2043 Christus
1309 1979 1710 2061 evangelium,
1740 1980 1801 2040 in
1840 2001 1963 2060 quo

220 2066 358 2128 haec
384 2067 678 2128 beneficia
705 2067 879 2127 nobis
949 2074 1344 2147 roponuntur,
1373 2062 1528 2123 sicut
1554 2062 1843 2145 scriptum
1875 2073 1968 2124 est

219 2149 404 2211 Lueoe
458 2150 695 2224 ultimo,
740 2087 1085 2210 Praeclzcam·
1131 2146 1554 2228 poenitentiam
1609 2145 1675 2205 in
1729 2146 1968 2207 nomine

266 2230 369 2308 ies,
397 2240 459 2294 et
484 2233 892 2294 remae-§ionem
914 2238 1306 2312 peccatorum
1334 2229 1495 2289 inter
1511 2248 1716 2289 omnes
1730 2236 1963 2311 gentes.

320 2334 381 2375 m
419 2315 584 2376 enim
612 2336 824 2375 omnes
853 2314 1129 2374 homines
1157 2311 1411 2372 naturali
1441 2309 1623 2371 modo
1650 2310 1965 2393 propagati

219 2396 485 2459 habeant
510 2407 852 2480 peceatum,
880 2417 992 2457 nec
1020 2394 1253 2478 possint
1278 2414 1415 2454 vere
1443 2392 1560 2475 legi
1588 2392 1710 2454 Dei
1738 2393 1968 2474 satisfa-

218 2501 373 2555 cere,
410 2480 789 2564 evangelium
835 2478 1031 2561 arguit
1071 2487 1337 2560 peccata,
1378 2486 1442 2536 et
1487 2474 1751 2536 ostendit
1792 2474 1966 2536 nobis

219 2561 609 2625 mediatorem
657 2561 990 2636 Christum,
1031 2571 1094 2621 et
1137 2560 1224 2621 sic
1268 2558 1446 2619 docet
1486 2579 1596 2619 nos
1638 2557 1716 2618 de
1757 2558 1967 2619 remis-

221 2644 388 2706 sione
418 2658 822 2728 peccatorum.

290 2726 466 2788 Cum
521 2728 900 2810 evangelium
958 2728 1156 2809 arguit
1208 2733 1457 2807 peccata
1510 2733 1731 2796 nostra,
1786 2721 1963 2783 corda

223 2809 640 2892 perterrefacta
700 2821 960 2871 statuere
1020 2809 1263 2882 debent,
1316 2805 1480 2886 quod
1512 2848 1513 2851 η
1544 2806 1725 2885 gratis
1788 2804 1962 2865 nobis

223 2903 467 2985 propter
493 2891 803 2953 Christum
834 2892 1133 2953 donentur
1168 2888 1440 2951 remissio
1475 2899 1857 2968 peccatorum
1901 2898 1965 2948 et

214 2974 569 3055 justificatio
597 2996 702 3056 per
731 2974 933 3049 fidem,
961 2997 1080 3056 qua
1108 2972 1348 3034 credere
1385 2981 1445 3030 et
1483 2969 1754 3030 confiteri
1784 2968 1964 3030 debe-

227 3076 383 3128 mus,
424 3055 554 3117 baec
594 3057 768 3117 nobis
807 3056 1017 3118 donari
1060 3078 1170 3139 pro
1215 3067 1306 3115 ter
1341 3051 1673 3126 Christum,
1707 3051 1811 3131 qui
1855 3073 1964 3134 pro

227 3137 401 3199 nobis
427 3136 621 3199 factus
656 3151 748 3201 est
784 3139 998 3214 hostia,
1025 3149 1087 3200 et
1123 3160 1165 3221 p
1190 3135 1382 3199 acavit
1410 3134 1668 3195 Patrem.
1754 3133 1965 3202 Quan-

225 3241 410 3302 quam
457 3220 639 3303 igitur
676 3222 1055 3305 evangelium
1104 3218 1352 3301 requirit
1393 3215 1835 3299 poenitentiam,
1876 3227 1967 3278 tm

226 3324 367 3364 men
416 3315 486 3364 ut
530 3302 802 3364 remissio
848 3314 1230 3387 peecatorum
1282 3311 1444 3360 certa
1489 3298 1585 3371 sit,
1611 3298 1789 3360 docet
1828 3320 1965 3361 eam

331 3385 409 3446 tis
450 3385 678 3460 donari,
723 3385 838 3447 hoc
886 3397 995 3459 est,
1035 3406 1157 3445 non
1200 3381 1459 3465 pendere
1501 3402 1578 3441 ex
1623 3379 1966 3443 conditione

224 3406 535 3552 diguitatis
574 3480 807 3543 nostrae,
835 3490 948 3529 nee
973 3467 1099 3529 dari
1133 3475 1378 3549 propter
1409 3463 1533 3524 ulla
1563 3462 1966 3547 praecedentia

226 3571 425 3635 opera,
465 3563 571 3612 aut
610 3549 965 3634 dignitatem
1011 3547 1413 3631 sequentium,
1454 3547 1623 3608 fieret
1669 3546 1831 3608 enim
1877 3547 1968 3609 in-

229 3644 389 3696 certa
415 3633 705 3709 remissio,
734 3635 782 3695 si
812 3635 897 3696 ita
925 3630 1305 3695 sentiendum
1344 3639 1519 3704 esset,
1544 3639 1674 3691 tum
1714 3628 1963 3693 demum
2013 3686 2021 3690 -

1040 3736 1089 3777 Μ
1121 3727 1158 3775 4

1677 3776 1710 3789 l
