2418 4172
831 381 1382 435 HELVETICA.
1909 393 1980 445 83

228 530 431 599 nostru
458 521 714 584 va'cillet.
798 522 882 584 Et
920 521 1167 604 quidem
1199 523 1511 585 visibiliter
1544 525 1659 587 hoc
1699 529 1840 590 foris
1882 554 1977 594 sa-

226 614 536 667 cramento
591 626 699 688 per
755 605 1094 669 ministrum
1154 617 1628 690 reproesentatur,
1683 621 1743 670 et
1790 613 1973 675 veluti

226 686 415 749 oculis
482 698 660 750 conte
767 686 1016 749 landum
1074 690 1416 771 exponitur,
1472 690 1633 772 quod
1695 692 1855 755 intus
1913 695 1973 757 in

225 768 428 831 anima
479 769 715 832 invisibi
744 771 872 845 iter,
999 792 1029 830 r
1075 770 1277 855 ipsum
1328 771 1623 855 Spiritum
1681 774 1973 839 Sanctum

225 861 558 936 prestatur.
643 848 812 914 Foris
851 792 1096 914 offleii-tur
1124 875 1157 914 a
1191 853 1465 915 ministro
1498 855 1690 939 panis,
1718 868 1779 918 et
1809 859 1978 921 audi·

224 944 410 996 untur
445 954 621 995 voces
663 934 955 997 Domini:
1000 935 1297 1018 Accipite,
1342 937 1518 1010 edite,
1562 938 1672 1000 hoc
1714 949 1804 1002 est
1847 962 1978 1003 eor-

364 1037 606 1087 mentm·
644 1019 902 1101 accipite
930 1025 990 1079 et
1017 1019 1267 1081 dividite
1299 1020 1461 1082 inter
1488 1042 1633 1091 vos,-
1666 1022 1877 1086 Bibite
1905 1046 1978 1087 ex

213 1034 341 1162 π
374 1121 597 1174 omnm,
628 1100 727 1163 liic
769 1109 860 1163 est
892 1103 1150 1197 sanguis
1193 1124 1378 1164 meus,
1464 1103 1630 1186 Ergo
1674 1107 1979 1190 accipiunt

225 1181 434 1245 fideles
462 1182 626 1265 quod
665 1183 843 1246 datur
871 1207 904 1245 a
939 1186 1213 1247 ministro
1241 1185 1515 1257 Domini,
1546 1197 1606 1247 et
1644 1188 1833 1251 edunt
1871 1212 1979 1273 pa·

222 1284 367 1328 uem
411 1265 689 1340 Domini,
732 1290 801 1329 ac
845 1268 1061 1328 bibunt
1101 1267 1178 1329 de
1219 1269 1439 1363 poculo
1482 1268 1769 1332 Domini:
1814 1272 1977 1335 intus

226 1346 468 1409 interim
512 1370 694 1431 opera
722 1349 947 1411 Christi
993 1372 1101 1432 per
1127 1351 1417 1434 Spiritum
1449 1351 1762 1429 Sanctum,
1790 1356 1980 1438 perci-

225 1429 405 1514 piunt
446 1431 628 1493 etiam
674 1454 915 1494 carnem
959 1444 1021 1493 et
1062 1434 1416 1516 sanguinem
1449 1433 1724 1510 Domini,
1754 1450 1815 1499 et
1845 1460 1980 1522 pas-

226 1521 447 1575 cuntur
474 1514 568 1575 his
599 1515 659 1575 in
689 1515 875 1576 vitam
907 1527 1210 1577 aeternam.
1297 1515 1541 1578 Etenim
1584 1540 1721 1579 caro
1750 1531 1811 1582 et
1840 1542 1977 1581 san-

226 1593 363 1679 guis
388 1594 616 1657 Christi
650 1617 820 1659 verus
848 1596 1019 1658 cibus
1062 1608 1123 1658 et
1159 1608 1340 1681 potus
1368 1611 1460 1659 est
1490 1599 1562 1659 ad
1594 1601 1777 1661 vitam
1810 1613 1980 1663 aeter-

224 1692 408 1739 nam:
450 1690 513 1739 et
539 1678 818 1739 Christus
860 1679 1009 1762 ipse,
1039 1690 1334 1760 quatenus
1369 1702 1484 1774 pro
1522 1682 1695 1742 nobis
1725 1683 1978 1744 traditus

224 1767 287 1820 et
326 1759 601 1822 Salvator
641 1771 844 1822 noster
874 1773 983 1836 est,
1011 1761 1161 1822 illud
1250 1784 1577 1845 raecipuum
1611 1764 1825 1827 Coenae
1870 1779 1980 1841 est,

222 1852 339 1904 nec
385 1842 653 1928 patimur
700 1844 1023 1926 quicquam
1076 1784 1248 1906 aliud)
1289 1845 1350 1906 in
1404 1845 1605 1906 locum
1658 1847 1787 1927 ejus
1838 1849 1981 1910 sub-

225 1925 413 1987 stitui.
1159 1951 1162 1954 >

310 2007 402 2070 Ut
431 2019 631 2069 autem
662 2009 882 2069 rectius
910 2020 972 2069 et
1000 2009 1400 2092 perspicacius
1422 2011 1813 2094 intelligatur,
1830 2035 1981 2095 quo-

227 2089 412 2152 modo
437 2111 577 2152 caro
604 2102 665 2151 et
694 2091 934 2174 sanguis
953 2092 1179 2154 Christi
1210 2093 1331 2153 sint
1354 2092 1525 2154 cibus
1547 2107 1608 2155 et
1631 2106 1808 2178 potus
1832 2096 1980 2158 flde-

227 2171 400 2247 linm,
427 2172 955 2316 percipianturque
984 2197 1019 2235 a
1051 2174 1326 2235 fidelibus
1357 2175 1430 2235 ad
1456 2177 1641 2237 vitam
1674 2190 1980 2255 aeternam,

226 2276 426 2340 paucu
451 2276 487 2316 a
516 2256 648 2317 haec
676 2255 1045 2336 adjiciemus.
1097 2258 1497 2319 Manducatio
1525 2281 1645 2320 non
1677 2272 1769 2321 est
1799 2262 1975 2323 unius

344 2338 481 2400 eris.
534 2338 648 2399 Est
675 2339 837 2400 enim
874 2338 1258 2401 manducatio
1286 2342 1627 2423 corporalis,
1656 2363 1776 2424 qua
1803 2344 1977 2406 cibus

246 2440 288 2481 n
317 2430 385 2482 o's
411 2420 742 2504 percipitur
770 2422 846 2483 ab
879 2421 1146 2496 homine,
1175 2421 1457 2484 dentibus
1495 2425 1785 2501 atteritur,
1813 2437 1875 2488 et
1913 2426 1976 2487 in

226 2513 495 2565 ventrem
524 2503 871 2587 deglutitur.
955 2505 1100 2566 Hoc
1130 2504 1611 2567 manducationis
1641 2529 1859 2589 genere
1887 2509 1979 2570 in-

223 2585 586 2648 tellexerunt
613 2587 759 2648 olim
780 2587 1160 2671 Capernaitae
1190 2588 1302 2649 sibi
1338 2589 1821 2653 manducandam
1851 2615 1977 2654 car-

225 2689 367 2730 nem
404 2669 681 2744 Domini,
719 2671 821 2732 sed
862 2671 1199 2733 refutantur
1232 2674 1308 2733 ab
1347 2672 1498 2755 ipso,
1525 2674 1706 2735 Joan.
1738 2695 1868 2758 cap:
1897 2676 1975 2735 vi.

223 2750 389 2813 Nam
413 2763 481 2813 ut
501 2774 640 2814 caro
656 2753 884 2816 Christi
908 2755 1291 2838 corporaliter
1313 2756 1660 2818 manducari
1691 2779 1812 2817 non
1843 2770 1978 2840 pot-

224 2846 318 2896 est
350 2835 500 2896 citra
526 2835 824 2919 flagitium
865 2848 971 2899 aut
1006 2838 1455 2914 truculentiam,
1485 2839 1567 2900 ita
1609 2861 1727 2899 non
1768 2851 1859 2900 est
1893 2841 1977 2901 ci-

224 2917 340 2979 bus
366 2918 628 2989 ventris3
677 2919 943 3004 id·quod
983 2941 1196 2982 omnes
1239 2920 1409 2982 fateri
1448 2932 1762 3003 coguntur.
1849 2922 1976 2984 Im-

334 3001 551 3063 bamus
591 3002 801 3085 itaque
842 3025 1135 3065 canonem
1178 3005 1240 3065 in
1279 3004 1556 3064 Decretis
1588 3004 1974 3080 Pontificum,

405 3084 602 3147 Beren
685 3087 837 3162 rius}
865 3086 941 3148 de
977 3087 1262 3148 Consecr.
1290 3086 1579 3148 Distinet.
1612 3099 1668 3148 2.
1751 3086 1974 3169 Neque

225 3186 389 3227 emm
420 3166 580 3229 credi
624 3179 675 3229 it
701 3180 964 3232 vetustas
992 3170 1114 3252 pia,
1137 3191 1334 3252 neque
1362 3190 1472 3231 nos
1500 3169 1822 3243 credimus,
1842 3189 1975 3231 cor-

224 3268 339 3331 pus
368 3247 598 3310 Christi
628 3251 974 3313 manducari
1005 3274 1107 3312 ore
1145 3253 1410 3335 corporis
1445 3251 1848 3335 corporaliter,
1875 3251 1970 3314 vel

226 3330 637 3393 essentialiter.

307 3413 423 3476 Est
450 3426 512 3475 et
541 3414 865 3498 spiritualis
897 3415 1281 3477 manducatio
1309 3415 1571 3499 corporis
1594 3415 1822 3479 Christi
1850 3433 1973 3480 non

224 3514 298 3557 ea
338 3496 607 3579 quidem,
637 3518 758 3579 qua
799 3496 1218 3559 existimemus
1261 3498 1465 3560 cibum
1509 3498 1712 3582 ipsum
1752 3500 1970 3563 mutari

226 3578 291 3641 in
321 3579 620 3664 spiritum,
639 3579 741 3641 sed
770 3601 909 3662 qua,
929 3593 1212 3642 manente
1241 3580 1301 3641 in
1333 3602 1441 3642 sua
1462 3582 1720 3644 essentia
1747 3593 1810 3644 et
1835 3604 1973 3668 pro-

223 3661 480 3745 prietate
507 3685 755 3747 corpore
783 3674 846 3725 et
873 3663 1164 3747 sanguine
1192 3662 1464 3739 Domini,
1491 3685 1563 3727 ea
1594 3666 1775 3727 nobis
1808 3688 1978 3730 com·
2014 3686 2022 3690 “

1046 3767 1085 3806 c
1117 3761 1152 3809 2
1662 3755 1717 3787 ‘1
