2418 4172
813 411 1294 466 SAXONICA.
1815 417 1922 471 287

176 551 363 615 timur
391 551 491 612 hic
519 552 699 613 etiam
732 574 936 614 verum
964 575 1139 615 usum
1163 562 1692 614 sacramentorum.
1767 554 1920 618 Haec

173 633 380 695 omnia
418 656 556 695 cum
598 635 944 698 fidelissime
978 637 1359 709 retineamus,
1386 655 1625 695 summa
1653 657 1921 698 reveren-

172 714 259 776 tia
289 717 613 778 retinemus
632 716 782 798 juge
811 718 1206 779 sacrificium:
1253 717 1335 776 illi
1380 717 1645 791 abolent,
1675 718 1777 797 qui
1820 742 1921 779 ve-

173 818 303 859 ram
345 799 779 861 invocationem
826 811 886 858 et
923 819 1161 859 coenam
1201 799 1390 880 ipsam
1422 798 1674 859 Domini
1716 801 1920 861 multis

175 878 370 942 modis
426 892 838 961 corrumpunt,
887 880 991 960 qui
1034 879 1255 958 jubent
1313 881 1589 941 invocare
1645 881 1920 944 homines

173 972 461 1035 mortuos,
488 961 591 1042 qui
632 962 842 1021 missas
881 962 1119 1022 venales
1151 962 1393 1036 habent,
1422 963 1524 1043 qui
1544 963 1828 1042 jactitant
1858 989 1919 1027 se

170 1043 476 1104 oblatione
505 1065 611 1104 sua
640 1043 770 1104 aliis
802 1045 1031 1117 mereri,
1062 1046 1164 1125 qui
1201 1045 1487 1105 doctrinae
1516 1046 1592 1107 de
1620 1049 1922 1129 poeniten-

170 1124 256 1187 ti·
297 1137 359 1187 et
397 1126 749 1187 remissione
790 1139 1173 1209 peccatorum
1219 1129 1440 1189 multos
1480 1139 1663 1190 tetros
1698 1152 1919 1191 errores

171 1206 552 1270 immiscent:
610 1210 713 1289 qui
748 1209 971 1288 jubent
1013 1208 1288 1270 dubitare
1332 1223 1575 1291 agentes
1619 1214 1922 1294 poeniten-

170 1289 342 1364 tiam,
370 1313 448 1352 an
489 1291 611 1351 sint
651 1292 712 1352 in
756 1292 963 1373 gratia,
993 1293 1098 1372 qui
1134 1292 1482 1353 libidinibus
1511 1306 1573 1355 et
1601 1294 1773 1356 idolis
1802 1297 1923 1357 Ec-

172 1371 415 1434 clesiam
468 1373 764 1456 polluunt.
853 1374 939 1435 Hi
992 1387 1132 1435 sunt
1173 1375 1462 1435 Antiochi
1508 1377 1753 1451 similes,
1799 1401 1918 1439 non

173 1475 306 1528 nos,
390 1455 448 1515 ui
498 1455 741 1516 obedire
788 1456 944 1517 Filio
991 1457 1108 1519 Dei
1156 1457 1487 1531 studemus,
1531 1459 1791 1522 dicenti:
1850 1461 1922 1523 Si

172 1538 312 1620 quis
389 1538 404 1552 ⁶
426 1537 546 1621 igit
573 1559 688 1612 me,
706 1559 1035 1600 sermonem
1064 1561 1259 1601 meum
1287 1540 1571 1603 servabit.

255 1619 568 1680 Ibstoemo
595 1634 658 1680 et
684 1620 760 1680 de
787 1643 900 1681 usu
923 1622 1138 1703 integri
1163 1624 1516 1683 sacramenti
1544 1645 1736 1705 pauca
1757 1645 1920 1703 quae-

169 1699 312 1762 dam
349 1700 606 1762 dicenda
647 1716 804 1762 sunt.
892 1703 1298 1764 Removeatur
1334 1704 1661 1786 sophistica
1700 1728 1734 1764 a
1752 1705 1919 1783 judi—

169 1781 280 1843 ciis
305 1781 612 1844 Ecclesiae.
695 1783 941 1844 Norunt
981 1806 1211 1859 omnes,
1239 1785 1496 1846 Coenam
1539 1786 1790 1846 Domini
1836 1787 1919 1848 ita

167 1862 511 1927 institutam
556 1886 704 1939 esse,
748 1877 816 1926 ut
863 1865 1039 1926 detur
1084 1868 1311 1949 populo
1368 1869 1673 1950 integrum
1730 1891 1920 1930 sacra-

169 1957 471 2022 mentum,
513 1948 670 2008 sicut
711 1949 999 2031 scriptum
1046 1961 1156 2022 est,
1186 1949 1395 2011 Bibite
1437 1972 1511 2011 ex
1555 1951 1666 2012 hoc
1701 1974 1918 2014 omnes.

168 2026 339 2091 Nota
379 2041 472 2091 est
512 2042 575 2091 et
612 2031 983 2091 consuetudo
1010 2032 1225 2092 veteris
1253 2033 1565 2108 Ecclesiae,
1594 2035 1829 2095 Latinoe
1858 2049 1920 2097 et

172 2111 416 2173 (ἰή-κω.
502 2111 650 2173 Ideo
703 2112 1015 2174 fatendum
1065 2125 1174 2188 est,
1222 2115 1689 2196 prohibitionem
1741 2119 1919 2179 unius

169 2194 358 2277 partis
414 2194 697 2275 injustam
757 2217 903 2256 esse.
997 2195 1303 2279 Legitima
1360 2197 1681 2259 bominum
1739 2211 1920 2261 testa-

172 2289 382 2338 menta
407 2277 631 2338 violare
660 2276 949 2357 injustum
981 2291 1110 2339 est:
1154 2300 1261 2340 cur
1283 2279 1420 2340 Filii
1444 2280 1565 2340 Dei
1594 2292 1919 2343 testamen-

170 2369 327 2432 tum,
352 2360 643 2441 sanguine
681 2360 869 2442 ipsius
906 2361 1315 2443 obsignatum,
1343 2363 1611 2446 episcopi
1647 2364 1917 2426 violant?

166 2439 521 2503 Dolendum
579 2452 672 2502 est
726 2455 951 2517 autem,
1000 2455 1229 2505 tantam
1288 2466 1416 2505 esse
1473 2445 1915 2529 impudentiam

169 2523 569 2606 quorundam,
609 2535 681 2584 ut
722 2537 930 2586 contra
974 2526 1089 2587 hoc
1135 2526 1555 2608 gravissimum
1603 2550 1918 2610 argumen-

168 2618 324 2680 tum,
379 2619 582 2668 tamen
639 2608 873 2688 fingant
930 2609 1320 2692 sophismata,
1372 2610 1447 2671 ad
1498 2611 1913 2673 stabiliendam

281 2689 674 2750 bibitionemz
731 2712 986 2772 quorum
1036 2692 1457 2754 refutationem
1509 2693 1569 2754 in
1615 2716 1677 2755 re
1724 2696 1917 2756 mani-

261 2781 325 2831 ta
350 2772 706 2832 omittimus.

746 2919 1345 2963 ---Φ-.--.-

679 3089 855 3152 XVI.
885 3090 991 3153 De
1022 3091 1416 3155 Poenitentia.

176 3172 359 3253 DEI
397 3189 688 3251 beneficio
726 3192 855 3253 haec
889 3215 1024 3275 pars
1053 3193 1339 3255 doctrinae
1369 3194 1429 3254 in
1460 3194 1668 3276 primis
1701 3216 1917 3278 magna

172 3272 598 3355 perspicuitate
638 3273 700 3333 in
743 3275 958 3335 nostris
1001 3277 1267 3337 ecelesiis
1309 3277 1603 3337 illustrata
1636 3289 1745 3347 est,
1774 3300 1914 3339 cum

173 3354 538 3415 sententiarii
568 3376 700 3416 eam
733 3356 1243 3419 inextricabilibus
1274 3360 1632 3440 labyrinthis
1656 3360 1917 3422 involve-

172 3436 311 3497 rint.
397 3437 666 3499 Primum
712 3439 872 3499 enim
920 3439 1073 3500 clare
1113 3440 1472 3501 damnamus
1514 3441 1807 3505 Catharos
1855 3456 1918 3505 et

171 3517 564 3590 Novatianos,
593 3522 696 3601 qui
738 3524 1061 3596 finxerunt,
1090 3529 1200 3583 nec
1239 3523 1356 3583 labi
1397 3545 1571 3606 posse
1599 3525 1822 3588 electos
1850 3526 1915 3588 in

173 3599 392 3664 delicta
434 3615 642 3664 contra
679 3604 1128 3679 conscientiam,
1156 3627 1268 3668 nec
1307 3607 1502 3690 lapsos
1537 3618 1675 3691 post
1709 3630 1916 3671 emen·
2014 3686 2022 3690 ᾖ

168 3680 475 3747 dationem
515 3686 886 3769 recipiendos
913 3710 1043 3749 esse
1060 3712 1077 3747 t
1119 3701 1182 3749 et
1210 3701 1420 3751 extant
1448 3702 1685 3785 nostre!
1697 3691 1916 3754 refuta-
