2418 4172
436 329 508 380 80
1063 325 1549 381 CONFESSIO

961 525 1064 588 De
1090 534 1298 588 sancto
1328 526 1662 607 Raptis-mo.

1241 669 1392 731 XX.

439 785 947 865 BAPPISMUS
986 823 1019 861 a
1057 801 1195 862 Deo
1235 800 1544 862 institutus
1582 811 1640 860 et
1670 811 2048 861 consecratus
2076 811 2188 874 est,

436 886 788 980 primusque
833 884 1162 967 baptizavit
1200 884 1489 956 Joannes‚
1528 883 1629 964 qui
1673 882 1985 942 Christum
2030 902 2190 963 aqua

438 990 499 1029 m
532 968 800 1030 Jordane
839 968 1038 1027 tinxit.
1125 966 1278 1026 Inde
1318 966 1571 1027 defluxit
1615 965 1688 1026 ad
1732 965 2054 1047 apostolos,
2081 964 2187 1046 qui

436 1063 498 1113 et
526 1052 639 1135 ipsi
672 1073 826 1131 aqua
855 1051 931 1109 ba
978 1050 1256 1109 tizarunt.
1340 1048 1536 1110 Jussit
1566 1048 1676 1109 hos
1714 1047 2030 1109 manifeste
2058 1046 2189 1108 Do-

439 1134 639 1195 minus
684 1154 915 1215 evange
941 1133 1065 1192 ium
1106 1132 1463 1211 proedicare,
1501 1138 1561 1192 et
1599 1131 1935 1211 baptizare,
1973 1131 2038 1191 in
2086 1151 2190 1191 no·

438 1218 598 1277 mine
617 1215 854 1288 Patris,
875 1222 933 1275 et
952 1212 1121 1287 Filii,
1142 1222 1203 1273 et
1225 1214 1494 1293 Spiritus
1515 1213 1750 1287 Sancti,
1779 1213 1964 1275 Matt.
1981 1212 2188 1274 xxviii.

437 1299 523 1360 Et
552 1300 761 1359 Petrus
792 1297 866 1357 ad
893 1297 1162 1370 Judaeos‚
1192 1295 1626 1376 interrogantes
1665 1293 1811 1375 quid
1855 1295 2049 1357 facere
2085 1294 2192 1356 de·

438 1383 668 1455 bei-ent,
713 1380 870 1441 dixit
918 1379 980 1439 in
1023 1378 1214 1451 Actis,
1250 1378 1455 1437 Actor.
1486 1377 1546 1436 ii.
1590 1377 1966 1458 Baptizetm·
2004 1397 2193 1438 nnus-

437 1464 689 1546 qua’sque
722 1470 990 1524 vestrum
1029 1461 1093 1522 in
1134 1461 1375 1522 nomine
1400 1459 1558 1520 Jesu
1592 1459 1845 1533 Christi,
1874 1459 1960 1520 ad
1981 1460 2195 1525 remi-52

436 1548 660 1607 sionem
712 1554 1121 1627 peccatorum,
1168 1553 1228 1605 et
1283 1543 1595 1624 accipietis
1651 1542 1873 1604 donum
1920 1543 2195 1624 Spiritus

440 1629 673 1690 Sancti.
762 1627 953 1691 Unde·
988 1650 1022 1689 a
1066 1627 1371 1687 nonnullis
1415 1626 1767 1707 Baptismus
1809 1637 2192 1709 nuncupatus
2261 1657 2266 1663 ·

439 1723 532 1773 est
560 1712 801 1795 signum
832 1710 1059 1771 initiale
1089 1710 1296 1792 populi
1327 1708 1466 1782 Dei,
1491 1719 1702 1791 utpote
1730 1729 1854 1788 quo
1883 1706 2195 1769 initiantur

440 1794 579 1856 Deo
608 1794 780 1855 electi
812 1793 950 1854 Dei.

528 1877 705 1939 Unus
743 1889 835 1937 est
864 1873 1540 1956 duntaxat-Baptismus
1583 1874 1642 1934 in
1687 1873 1935 1934 ccclesia
1963 1870 2105 1955 Dei,
2132 1883 2194 1933 et

443 1961 586 2022 satis
629 1971 721 2021 est
764 1959 947 2020 semel
994 1957 1307 2040 baptizari,
1351 1957 1444 2016 vel
1491 1956 1708 2016 initiari
1754 1956 1910 2017 Deo.
1994 1954 2196 2017 Durat

442 2055 647 2105 autem
692 2043 876 2103 semel
921 2052 1232 2123 susceptus
1284 2039 1618 2121 baptismus
1665 2060 1774 2122 per
1814 2058 2065 2099 omnem
2109 2037 2196 2098 vi-

444 2138 589 2202 tam,
627 2139 687 2187 et
729 2136 821 2185 est
862 2135 1153 2207 perpetua
1195 2121 1535 2203 obsignatio
1579 2120 1917 2204 adoptionis
1961 2130 2195 2181 nostre.

445 2208 693 2270 Etenim
749 2206 1039 2290 baptizari
1095 2206 1155 2266 in
1205 2205 1450 2265 nominc
1497 2204 1744 2277 Christi,
1790 2215 1881 2265 est
1931 2201 2197 2280 inscribi,

446 2291 685 2366 initiari,
714 2303 776 2352 et
814 2290 997 2373 recipi
1031 2289 1088 2350 in
1127 2287 1346 2361 foedus,
1374 2300 1555 2368 atque
1584 2286 1898 2359 familiam,
1927 2285 2198 2368 adeoque

447 2375 505 2435 in
540 2374 952 2436 haereditatem
985 2372 1242 2432 filiorum
1277 2370 1415 2443 Dei,
1444 2371 1568 2430 imo
1596 2370 1726 2449 jam
1771 2390 1934 2429 nunc
1968 2389 2198 2430 nuncu-

446 2458 572 2539 pari
618 2457 864 2517 nomine
906 2454 1047 2525 Dei,
1076 2453 1135 2514 id
1180 2464 1290 2525 est,
1320 2452 1603 2535 appellari
1646 2452 1838 2512 fllium
1884 2451 2024 2526 Dei,
2055 2472 2197 2534 pur·

524 2539 570 2599 ri
621 2539 765 2599 item
814 2561 848 2598 a
899 2536 1171 2597 sordibus
1220 2545 1626 2618 peccatorum,
1672 2546 1734 2595 et
1781 2533 1988 2595 donari
2038 2533 2198 2595 varia

447 2561 565 2683 gei
613 2621 820 2703 gratia,
849 2620 922 2681 ad
953 2620 1140 2680 vitam
1186 2639 1404 2678 novam
1445 2631 1506 2679 et
1546 2618 1949 2678 innocentem.
2035 2616 2199 2699 Bap—

448 2705 663 2765 tismus
709 2725 851 2785 ergo
893 2703 953 2763 in
1003 2701 1293 2763 memoria
1336 2701 1569 2775 retinet,
1605 2713 1667 2761 et
1710 2712 1944 2783 reparat
1986 2700 2046 2760 in
2125 2718 2199 2759 ns

448 2787 569 2849 Dei
600 2785 984 2859 beneficium,
1014 2784 1215 2867 generi
1250 2784 1591 2844 mortalium
1626 2783 1983 2867 praestitum.
2109 2803 2202 2843 as—

449 2870 645 2931 cimur
679 2869 841 2931 enim
887 2889 1098 2929 omnes
1142 2867 1202 2927 in
1247 2878 1630 2950 peccatorum
1676 2865 1970 2939 sordibus,
1996 2877 2060 2926 et
2101 2885 2200 2925 su·

452 2975 586 3015 mus
626 2952 732 3014 filii
785 2952 903 3014 irae.
988 2950 1159 3012 Deus
1206 2961 1429 3024 autem,
1473 2949 1576 3031 qui
1623 2949 1790 3011 dives
1836 2959 1929 3010 est
1973 2946 2202 3009 miseri-

450 3035 669 3111 cordia,
750 3046 923 3118 urgat
968 3055 1075 3095 nos
1114 3055 1148 3094 a
1191 3032 1452 3117 peccatis
1496 3033 1775 3115 gratuito,
1812 3053 1918 3114 per
1959 3030 2200 3175 sangui-

452 3141 591 3181 nem
623 3118 695 3180 Fi
722 3118 761 3179 ii
802 3117 914 3192 sui,
943 3128 1004 3178 et
1043 3117 1102 3178 in
1145 3116 1261 3178 boc
1304 3115 1549 3199 adoptat
1588 3138 1697 3176 nos
1728 3115 1787 3175 in
1819 3113 1996 3189 filios,
2024 3135 2058 3175 a
2102 3133 2203 3175 eo—

496 3225 570 3264 ue
598 3200 827 3263 foedere
856 3212 1064 3262 sancto
1093 3221 1201 3260 nos
1233 3199 1345 3260 sibi
1382 3198 1707 3271 connectit,
1736 3210 1797 3258 et
1826 3196 2002 3259 variis
2026 3195 2201 3258 doni·

452 3224 623 3358 iiitat,
653 3297 721 3346 ut
750 3283 1047 3367 possimus
1078 3304 1294 3344 novam
1324 3281 1521 3342 vivere
1537 3283 1742 3343 vitam.
1786 3280 2204 3364 Obsignantur

457 3366 583 3427 baec
612 3368 815 3428 omnia
846 3366 1167 3450 baptismo.
1239 3365 1405 3427 Nam
1437 3366 1597 3426 intus
1627 3387 1689 3425 re
1731 3382 2064 3435 enei-amur,
2091 3380 2202 3443 pu-

454 3449 773 3524 rificamur,
803 3461 861 3510 et
905 3470 1260 3511 renovamur
1303 3471 1337 3509 a
1374 3447 1512 3510 Deo
1554 3469 1662 3531 per
1741 3444 1986 3529 piritum
2016 3442 2203 3504 Sanc-

455 3541 622 3591 tum:
667 3532 806 3592 foris
851 3544 1051 3594 autem
1100 3530 1428 3615 accipimus
1477 3528 1955 3624 obsignationem
2004 3525 2200 3587 maxi-

459 3634 693 3674 morum
738 3613 1055 3682 donorum,
1096 3615 1154 3674 in
1202 3635 1375 3693 aqua,
1403 3635 1522 3694 qua
1564 3625 1747 3673 etiam
1791 3607 2057 3670 maxima
2103 3608 2200 3671 illa
