<?xml version="1.0" encoding="UTF-8"?>
<!DOCTYPE html PUBLIC "-//W3C//DTD XHTML 1.0 Transitional//EN"
    "http://www.w3.org/TR/xhtml1/DTD/xhtml1-transitional.dtd">
<html xmlns="http://www.w3.org/1999/xhtml" xml:lang="en" lang="en">
 <head>
  <title>
</title>
<meta http-equiv="Content-Type" content="text/html;charset=utf-8" />
  <meta name='ocr-system' content='tesseract 3.04.00' />
  <meta name='ocr-capabilities' content='ocr_page ocr_carea ocr_par ocr_line ocrx_word'/>
</head>
<body>
  <div class='ocr_page' id='page_1' title='image "./syllogeconfessio00oxfouoft_0069.png"; bbox 0 0 2418 4172; ppageno 0'>
   <div class='ocr_carea' id='block_1_1' title="bbox 788 314 1938 372">
    <p class='ocr_par' dir='ltr' id='par_1_1' title="bbox 788 314 1938 372">
     <span class='ocr_line' id='line_1_1' title="bbox 788 314 1938 372; baseline 0.003 -4"><span class='ocrx_word' id='word_1_1' title='bbox 788 314 1338 368; x_wconf 85' lang='lat' dir='ltr'>HELVETICA.</span> <span class='ocrx_word' id='word_1_2' title='bbox 1861 318 1938 372; x_wconf 76' lang='lat'><strong>47</strong></span> 
     </span>
    </p>
   </div>
   <div class='ocr_carea' id='block_1_2' title="bbox 0 451 1952 3688">
    <p class='ocr_par' dir='ltr' id='par_1_2' title="bbox 0 451 1952 3688">
     <span class='ocr_line' id='line_1_2' title="bbox 188 451 1937 538; baseline -0.001 -17"><span class='ocrx_word' id='word_1_3' title='bbox 188 456 349 532; x_wconf 83' lang='lat' dir='ltr'><strong>Deo,</strong></span> <span class='ocrx_word' id='word_1_4' title='bbox 387 451 508 518; x_wconf 83' lang='lat' dir='ltr'><strong>non</strong></span> <span class='ocrx_word' id='word_1_5' title='bbox 551 467 789 519; x_wconf 78' lang='lat' dir='ltr'><strong>tantum</strong></span> <span class='ocrx_word' id='word_1_6' title='bbox 833 454 1105 538; x_wconf 78' lang='lat' dir='ltr'><strong>deplorat</strong></span> <span class='ocrx_word' id='word_1_7' title='bbox 1145 467 1208 516; x_wconf 91' lang='lat' dir='ltr'><strong>et</strong></span> <span class='ocrx_word' id='word_1_8' title='bbox 1249 454 1471 516; x_wconf 80' lang='lat' dir='ltr'><strong>fatetur</strong></span> <span class='ocrx_word' id='word_1_9' title='bbox 1503 454 1762 537; x_wconf 88' lang='lat' dir='ltr'>ingenue</span> <span class='ocrx_word' id='word_1_10' title='bbox 1796 480 1937 520; x_wconf 89' lang='lat' dir='ltr'><strong>cum</strong></span> 
     </span>
     <span class='ocr_line' id='line_1_3' title="bbox 104 537 1943 624; baseline -0.005 -23"><span class='ocrx_word' id='word_1_11' title='bbox 104 568 121 585; x_wconf 83' lang='lat'><strong>·</strong></span> <span class='ocrx_word' id='word_1_12' title='bbox 190 537 438 624; x_wconf 82' lang='lat' dir='ltr'><strong>pudore,</strong></span> <span class='ocrx_word' id='word_1_13' title='bbox 465 538 568 600; x_wconf 81' lang='lat' dir='ltr'><strong>sed</strong></span> <span class='ocrx_word' id='word_1_14' title='bbox 597 538 777 600; x_wconf 82' lang='lat' dir='ltr'><strong>etiam</strong></span> <span class='ocrx_word' id='word_1_15' title='bbox 809 559 948 600; x_wconf 91' lang='lat' dir='ltr'><strong>cum</strong></span> <span class='ocrx_word' id='word_1_16' title='bbox 982 537 1395 620; x_wconf 80' lang='lat' dir='ltr'>indignatione</span> <span class='ocrx_word' id='word_1_17' title='bbox 1423 549 1756 612; x_wconf 80' lang='lat' dir='ltr'><strong>execratur,</strong></span> <span class='ocrx_word' id='word_1_18' title='bbox 1779 541 1943 622; x_wconf 78' lang='lat' dir='ltr'>cogi-</span> 
     </span>
     <span class='ocr_line' id='line_1_4' title="bbox 190 620 1942 703; baseline -0.002 -17"><span class='ocrx_word' id='word_1_19' title='bbox 190 632 325 686; x_wconf 68' lang='lat' dir='ltr'><strong>tans</strong></span> <span class='ocrx_word' id='word_1_20' title='bbox 342 620 473 702; x_wconf 75' lang='lat' dir='ltr'><strong>jam</strong></span> <span class='ocrx_word' id='word_1_21' title='bbox 511 621 721 684; x_wconf 84' lang='lat' dir='ltr'><strong>sedulo</strong></span> <span class='ocrx_word' id='word_1_22' title='bbox 763 620 839 682; x_wconf 87' lang='lat' dir='ltr'><strong>de</strong></span> <span class='ocrx_word' id='word_1_23' title='bbox 872 620 1404 695; x_wconf 48' lang='lat' dir='ltr'>emendationes&amp;</span> <span class='ocrx_word' id='word_1_24' title='bbox 1445 630 1738 703; x_wconf 84' lang='lat' dir='ltr'><strong>perpetuo</strong></span> <span class='ocrx_word' id='word_1_25' title='bbox 1773 620 1942 682; x_wconf 88' lang='lat' dir='ltr'>inno-</span> 
     </span>
     <span class='ocr_line' id='line_1_5' title="bbox 190 702 1943 785; baseline -0.001 -18"><span class='ocrx_word' id='word_1_26' title='bbox 190 708 405 768; x_wconf 79' lang='lat' dir='ltr'>oentioe</span> <span class='ocrx_word' id='word_1_27' title='bbox 428 705 841 785; x_wconf 70' lang='lat' dir='ltr'><strong>virtutumque</strong></span> <span class='ocrx_word' id='word_1_28' title='bbox 862 703 1083 777; x_wconf 88' lang='lat' dir='ltr'><strong>studio,</strong></span> <span class='ocrx_word' id='word_1_29' title='bbox 1105 704 1165 764; x_wconf 89' lang='lat' dir='ltr'>in</span> <span class='ocrx_word' id='word_1_30' title='bbox 1196 725 1319 784; x_wconf 91' lang='lat' dir='ltr'><strong>quo</strong></span> <span class='ocrx_word' id='word_1_31' title='bbox 1347 724 1476 765; x_wconf 86' lang='lat' dir='ltr'>sese</span> <span class='ocrx_word' id='word_1_32' title='bbox 1504 702 1787 764; x_wconf 84' lang='lat' dir='ltr'>omnibus</span> <span class='ocrx_word' id='word_1_33' title='bbox 1817 703 1943 765; x_wconf 91' lang='lat' dir='ltr'>die-</span> 
     </span>
     <span class='ocr_line' id='line_1_6' title="bbox 191 785 1939 869; baseline -0.002 -19"><span class='ocrx_word' id='word_1_34' title='bbox 191 787 308 851; x_wconf 87' lang='lat' dir='ltr'><strong>bus</strong></span> <span class='ocrx_word' id='word_1_35' title='bbox 335 786 475 849; x_wconf 81' lang='lat' dir='ltr'><strong>vitoe</strong></span> <span class='ocrx_word' id='word_1_36' title='bbox 499 787 764 869; x_wconf 86' lang='lat' dir='ltr'><strong>reliquis,</strong></span> <span class='ocrx_word' id='word_1_37' title='bbox 787 799 991 848; x_wconf 79' lang='lat' dir='ltr'>sancte</span> <span class='ocrx_word' id='word_1_38' title='bbox 1020 797 1314 848; x_wconf 80' lang='lat' dir='ltr'><strong>exerceat.</strong></span> <span class='ocrx_word' id='word_1_39' title='bbox 1401 785 1487 846; x_wconf 84' lang='lat' dir='ltr'><strong>Et</strong></span> <span class='ocrx_word' id='word_1_40' title='bbox 1530 786 1660 847; x_wconf 84' lang='lat' dir='ltr'><strong>baec</strong></span> <span class='ocrx_word' id='word_1_41' title='bbox 1695 786 1939 866; x_wconf 90' lang='lat' dir='ltr'><strong>quidem</strong></span> 
     </span>
     <span class='ocr_line' id='line_1_7' title="bbox 190 867 1943 954; baseline -0.002 -22"><span class='ocrx_word' id='word_1_42' title='bbox 190 880 284 933; x_wconf 78' lang='lat' dir='ltr'><strong>est</strong></span> <span class='ocrx_word' id='word_1_43' title='bbox 309 891 449 932; x_wconf 78' lang='lat' dir='ltr'><strong>vera</strong></span> <span class='ocrx_word' id='word_1_44' title='bbox 496 869 877 954; x_wconf 81' lang='lat' dir='ltr'>poenitentia‚</span> <span class='ocrx_word' id='word_1_45' title='bbox 921 869 1150 931; x_wconf 84' lang='lat' dir='ltr'>sincera</span> <span class='ocrx_word' id='word_1_46' title='bbox 1194 867 1480 930; x_wconf 87' lang='lat' dir='ltr'>nimirum</span> <span class='ocrx_word' id='word_1_47' title='bbox 1528 867 1601 929; x_wconf 83' lang='lat' dir='ltr'><strong>ad</strong></span> <span class='ocrx_word' id='word_1_48' title='bbox 1631 867 1838 929; x_wconf 92' lang='lat' dir='ltr'><strong>Deum</strong></span> <span class='ocrx_word' id='word_1_49' title='bbox 1883 882 1943 929; x_wconf 89' lang='lat' dir='ltr'><strong>et</strong></span> 
     </span>
     <span class='ocr_line' id='line_1_8' title="bbox 188 950 1943 1027; baseline -0.002 -11"><span class='ocrx_word' id='word_1_50' title='bbox 188 970 372 1016; x_wconf 82' lang='lat' dir='ltr'>omno</span> <span class='ocrx_word' id='word_1_51' title='bbox 401 953 626 1015; x_wconf 91' lang='lat' dir='ltr'>bonum</span> <span class='ocrx_word' id='word_1_52' title='bbox 659 953 986 1027; x_wconf 88' lang='lat' dir='ltr'>conversio,</span> <span class='ocrx_word' id='word_1_53' title='bbox 1013 951 1220 1013; x_wconf 83' lang='lat' dir='ltr'><strong>sedula</strong></span> <span class='ocrx_word' id='word_1_54' title='bbox 1248 973 1388 1012; x_wconf 88' lang='lat' dir='ltr'><strong>vero</strong></span> <span class='ocrx_word' id='word_1_55' title='bbox 1418 974 1451 1012; x_wconf 85' lang='lat' dir='ltr'>a</span> <span class='ocrx_word' id='word_1_56' title='bbox 1480 950 1747 1012; x_wconf 84' lang='lat' dir='ltr'>Diabolo</span> <span class='ocrx_word' id='word_1_57' title='bbox 1777 963 1838 1013; x_wconf 86' lang='lat' dir='ltr'><strong>et</strong></span> <span class='ocrx_word' id='word_1_58' title='bbox 1868 954 1943 1013; x_wconf 85' lang='lat' dir='ltr'><strong>ab</strong></span> 
     </span>
     <span class='ocr_line' id='line_1_9' title="bbox 186 1034 1946 1118; baseline -0.002 -19"><span class='ocrx_word' id='word_1_59' title='bbox 186 1035 358 1099; x_wconf 86' lang='lat' dir='ltr'>omni</span> <span class='ocrx_word' id='word_1_60' title='bbox 380 1036 543 1098; x_wconf 77' lang='lat' dir='ltr'><strong>malo</strong></span> <span class='ocrx_word' id='word_1_61' title='bbox 571 1035 815 1097; x_wconf 77' lang='lat' dir='ltr'><strong>aversio.</strong></span> <span class='ocrx_word' id='word_1_62' title='bbox 856 1035 1099 1096; x_wconf 87' lang='lat' dir='ltr'><strong>Diserte</strong></span> <span class='ocrx_word' id='word_1_63' title='bbox 1122 1056 1262 1096; x_wconf 85' lang='lat' dir='ltr'><strong>vero</strong></span> <span class='ocrx_word' id='word_1_64' title='bbox 1282 1034 1541 1096; x_wconf 82' lang='lat' dir='ltr'>dicimus</span> <span class='ocrx_word' id='word_1_65' title='bbox 1565 1034 1721 1095; x_wconf 85' lang='lat' dir='ltr'>hanc</span> <span class='ocrx_word' id='word_1_66' title='bbox 1746 1035 1946 1118; x_wconf 89' lang='lat' dir='ltr'>poeni-</span> 
     </span>
     <span class='ocr_line' id='line_1_10' title="bbox 188 1117 1944 1191; baseline -0.002 -10"><span class='ocrx_word' id='word_1_67' title='bbox 188 1118 444 1182; x_wconf 76' lang='lat' dir='ltr'>tentiam</span> <span class='ocrx_word' id='word_1_68' title='bbox 475 1140 710 1180; x_wconf 90' lang='lat' dir='ltr'><strong>merum</strong></span> <span class='ocrx_word' id='word_1_69' title='bbox 740 1141 867 1180; x_wconf 89' lang='lat' dir='ltr'>esse</span> <span class='ocrx_word' id='word_1_70' title='bbox 894 1118 1014 1180; x_wconf 92' lang='lat' dir='ltr'>Dei</span> <span class='ocrx_word' id='word_1_71' title='bbox 1045 1118 1296 1191; x_wconf 89' lang='lat' dir='ltr'><strong>donum,</strong></span> <span class='ocrx_word' id='word_1_72' title='bbox 1325 1129 1386 1178; x_wconf 92' lang='lat' dir='ltr'><strong>et</strong></span> <span class='ocrx_word' id='word_1_73' title='bbox 1414 1139 1535 1178; x_wconf 85' lang='lat' dir='ltr'><strong>nou</strong></span> <span class='ocrx_word' id='word_1_74' title='bbox 1564 1117 1780 1179; x_wconf 88' lang='lat' dir='ltr'><strong>virium</strong></span> <span class='ocrx_word' id='word_1_75' title='bbox 1809 1139 1944 1178; x_wconf 87' lang='lat' dir='ltr'>nos-</span> 
     </span>
     <span class='ocr_line' id='line_1_11' title="bbox 187 1199 1947 1297; baseline -0.003 -32"><span class='ocrx_word' id='word_1_76' title='bbox 187 1212 420 1265; x_wconf 73' lang='lat' dir='ltr'><strong>trarum</strong></span> <span class='ocrx_word' id='word_1_77' title='bbox 444 1223 617 1297; x_wconf 83' lang='lat' dir='ltr'><strong>opus.</strong></span> <span class='ocrx_word' id='word_1_78' title='bbox 701 1202 744 1263; x_wconf 83' lang='lat' dir='ltr'>J</span> <span class='ocrx_word' id='word_1_79' title='bbox 752 1203 896 1263; x_wconf 92' lang='lat' dir='ltr'><strong>ubet</strong></span> <span class='ocrx_word' id='word_1_80' title='bbox 923 1202 1086 1263; x_wconf 90' lang='lat' dir='ltr'>enim</span> <span class='ocrx_word' id='word_1_81' title='bbox 1119 1202 1424 1284; x_wconf 84' lang='lat' dir='ltr'><strong>apostolus</strong></span> <span class='ocrx_word' id='word_1_82' title='bbox 1450 1213 1484 1261; x_wconf 88' lang='lat'><em>2</em></span> <span class='ocrx_word' id='word_1_83' title='bbox 1515 1199 1677 1262; x_wconf 89' lang='lat' dir='ltr'>Tim.</span> <span class='ocrx_word' id='word_1_84' title='bbox 1708 1200 1768 1261; x_wconf 90' lang='lat' dir='ltr'><strong>ii.</strong></span> <span class='ocrx_word' id='word_1_85' title='bbox 1800 1200 1947 1261; x_wconf 88' lang='lat' dir='ltr'><strong>fide-</strong></span> 
     </span>
     <span class='ocr_line' id='line_1_12' title="bbox 190 1283 1947 1367; baseline -0.001 -20"><span class='ocrx_word' id='word_1_86' title='bbox 190 1284 311 1347; x_wconf 88' lang='lat' dir='ltr'><strong>lem</strong></span> <span class='ocrx_word' id='word_1_87' title='bbox 358 1283 698 1347; x_wconf 80' lang='lat' dir='ltr'>ministrum</span> <span class='ocrx_word' id='word_1_88' title='bbox 749 1284 1068 1367; x_wconf 82' lang='lat' dir='ltr'><strong>diligenter</strong></span> <span class='ocrx_word' id='word_1_89' title='bbox 1110 1283 1358 1345; x_wconf 81' lang='lat' dir='ltr'><strong>erudire</strong></span> <span class='ocrx_word' id='word_1_90' title='bbox 1398 1283 1750 1345; x_wconf 79' lang='lat' dir='ltr'><strong>obsistentes</strong></span> <span class='ocrx_word' id='word_1_91' title='bbox 1790 1285 1947 1345; x_wconf 75' lang='lat' dir='ltr'><strong>veri-</strong></span> 
     </span>
     <span class='ocr_line' id='line_1_13' title="bbox 191 1367 1946 1452; baseline -0.001 -23"><span class='ocrx_word' id='word_1_92' title='bbox 191 1367 330 1441; x_wconf 66' lang='lat' dir='ltr'><strong>tati,</strong></span> <span class='ocrx_word' id='word_1_93' title='bbox 354 1367 412 1430; x_wconf 75' lang='lat' dir='ltr'>si</span> <span class='ocrx_word' id='word_1_94' title='bbox 437 1367 680 1452; x_wconf 81' lang='lat' dir='ltr'><strong>quando</strong></span> <span class='ocrx_word' id='word_1_95' title='bbox 710 1367 889 1429; x_wconf 76' lang='lat' dir='ltr'><strong>Deus</strong></span> <span class='ocrx_word' id='word_1_96' title='bbox 918 1367 1013 1428; x_wconf 74' lang='lat' dir='ltr'><strong>his</strong></span> <span class='ocrx_word' id='word_1_97' title='bbox 1042 1367 1143 1428; x_wconf 84' lang='lat' dir='ltr'><strong>det</strong></span> <span class='ocrx_word' id='word_1_98' title='bbox 1162 1367 1590 1448; x_wconf 74' lang='lat' dir='ltr'><strong>poenitentiam</strong></span> <span class='ocrx_word' id='word_1_99' title='bbox 1619 1367 1704 1427; x_wconf 84' lang='lat' dir='ltr'><strong>ad</strong></span> <span class='ocrx_word' id='word_1_100' title='bbox 1726 1388 1946 1449; x_wconf 79' lang='lat' dir='ltr'>agnos-</span> 
     </span>
     <span class='ocr_line' id='line_1_14' title="bbox 193 1449 1946 1513; baseline -0.001 -1"><span class='ocrx_word' id='word_1_101' title='bbox 193 1450 446 1513; x_wconf 79' lang='lat' dir='ltr'><strong>cendum</strong></span> <span class='ocrx_word' id='word_1_102' title='bbox 483 1451 822 1513; x_wconf 75' lang='lat' dir='ltr'><strong>veritatem.</strong></span> <span class='ocrx_word' id='word_1_103' title='bbox 906 1450 1051 1510; x_wconf 83' lang='lat' dir='ltr'><strong>Jam</strong></span> <span class='ocrx_word' id='word_1_104' title='bbox 1097 1472 1236 1510; x_wconf 89' lang='lat' dir='ltr'><strong>vero</strong></span> <span class='ocrx_word' id='word_1_105' title='bbox 1322 1450 1579 1510; x_wconf 84' lang='lat' dir='ltr'><strong>eccatrix</strong></span> <span class='ocrx_word' id='word_1_106' title='bbox 1620 1449 1721 1510; x_wconf 80' lang='lat' dir='ltr'><strong>illa</strong></span> <span class='ocrx_word' id='word_1_107' title='bbox 1764 1472 1946 1511; x_wconf 81' lang='lat' dir='ltr'>evan-</span> 
     </span>
     <span class='ocr_line' id='line_1_15' title="bbox 191 1532 1949 1619; baseline -0.001 -24"><span class='ocrx_word' id='word_1_108' title='bbox 191 1533 402 1619; x_wconf 75' lang='lat' dir='ltr'><strong>gelica,</strong></span> <span class='ocrx_word' id='word_1_109' title='bbox 443 1553 580 1614; x_wconf 80' lang='lat' dir='ltr'><strong>quoe</strong></span> <span class='ocrx_word' id='word_1_110' title='bbox 622 1533 946 1614; x_wconf 73' lang='lat' dir='ltr'><strong>lachrymis</strong></span> <span class='ocrx_word' id='word_1_111' title='bbox 989 1533 1144 1613; x_wconf 77' lang='lat' dir='ltr'><strong>rigat</strong></span> <span class='ocrx_word' id='word_1_112' title='bbox 1305 1555 1367 1592; x_wconf 91' lang='lat' dir='ltr'><strong>es</strong></span> <span class='ocrx_word' id='word_1_113' title='bbox 1407 1532 1684 1606; x_wconf 89' lang='lat' dir='ltr'>Domini,</span> <span class='ocrx_word' id='word_1_114' title='bbox 1726 1555 1796 1594; x_wconf 83' lang='lat' dir='ltr'><strong>ac</strong></span> <span class='ocrx_word' id='word_1_115' title='bbox 1839 1534 1949 1594; x_wconf 87' lang='lat' dir='ltr'><strong>Pe-</strong></span> 
     </span>
     <span class='ocr_line' id='line_1_16' title="bbox 0 1614 1948 1699; baseline -0.002 -22"><span class='ocrx_word' id='word_1_116' title='bbox 0 1646 21 1699; x_wconf 56' lang='grc' dir='ltr'><strong>ς,</strong></span> <span class='ocrx_word' id='word_1_117' title='bbox 189 1626 321 1677; x_wconf 74' lang='lat' dir='ltr'><strong>trus</strong></span> <span class='ocrx_word' id='word_1_118' title='bbox 355 1636 556 1677; x_wconf 72' lang='lat' dir='ltr'><strong>amare</strong></span> <span class='ocrx_word' id='word_1_119' title='bbox 595 1615 742 1675; x_wconf 83' lang='lat' dir='ltr'>flens</span> <span class='ocrx_word' id='word_1_120' title='bbox 780 1615 1220 1696; x_wconf 84' lang='lat' dir='ltr'><strong>deploransque</strong></span> <span class='ocrx_word' id='word_1_121' title='bbox 1257 1614 1513 1677; x_wconf 90' lang='lat' dir='ltr'>Domini</span> <span class='ocrx_word' id='word_1_122' title='bbox 1555 1615 1646 1675; x_wconf 88' lang='lat' dir='ltr'><strong>sui</strong></span> <span class='ocrx_word' id='word_1_123' title='bbox 1689 1616 1948 1696; x_wconf 77' lang='lat' dir='ltr'>abnega-</span> 
     </span>
     <span class='ocr_line' id='line_1_17' title="bbox 188 1695 1947 1779; baseline -0.002 -19"><span class='ocrx_word' id='word_1_124' title='bbox 188 1696 439 1771; x_wconf 82' lang='lat' dir='ltr'>tionem,</span> <span class='ocrx_word' id='word_1_125' title='bbox 469 1697 785 1759; x_wconf 83' lang='lat' dir='ltr'>manifeste</span> <span class='ocrx_word' id='word_1_126' title='bbox 812 1696 1160 1767; x_wconf 87' lang='lat' dir='ltr'><strong>ostendunt,</strong></span> <span class='ocrx_word' id='word_1_127' title='bbox 1189 1696 1383 1776; x_wconf 85' lang='lat' dir='ltr'><strong>qualis</strong></span> <span class='ocrx_word' id='word_1_128' title='bbox 1411 1718 1540 1755; x_wconf 90' lang='lat' dir='ltr'>esse</span> <span class='ocrx_word' id='word_1_129' title='bbox 1568 1695 1784 1756; x_wconf 83' lang='lat' dir='ltr'><strong>debeat</strong></span> <span class='ocrx_word' id='word_1_130' title='bbox 1814 1718 1947 1779; x_wconf 88' lang='lat' dir='ltr'><strong>poe-</strong></span> 
     </span>
     <span class='ocr_line' id='line_1_18' title="bbox 0 1702 1948 1912; baseline -0.002 -69"><span class='ocrx_word' id='word_1_131' title='bbox 0 1702 33 1912; x_wconf 58' lang='lat' dir='ltr'><em>g</em></span> <span class='ocrx_word' id='word_1_132' title='bbox 188 1779 436 1843; x_wconf 84' lang='lat' dir='ltr'>nitentis</span> <span class='ocrx_word' id='word_1_133' title='bbox 475 1780 731 1851; x_wconf 81' lang='lat' dir='ltr'>animus,</span> <span class='ocrx_word' id='word_1_134' title='bbox 769 1779 921 1840; x_wconf 87' lang='lat' dir='ltr'><strong>serio</strong></span> <span class='ocrx_word' id='word_1_135' title='bbox 964 1778 1281 1861; x_wconf 82' lang='lat' dir='ltr'><strong>deplorans</strong></span> <span class='ocrx_word' id='word_1_136' title='bbox 1321 1777 1646 1839; x_wconf 87' lang='lat' dir='ltr'>commissa</span> <span class='ocrx_word' id='word_1_137' title='bbox 1683 1791 1948 1862; x_wconf 81' lang='lat' dir='ltr'><strong>peccata.</strong></span> 
     </span>
     <span class='ocr_line' id='line_1_19' title="bbox 190 1857 1945 1944; baseline -0.002 -18"><span class='ocrx_word' id='word_1_138' title='bbox 190 1861 313 1926; x_wconf 81' lang='lat' dir='ltr'><strong>Sed</strong></span> <span class='ocrx_word' id='word_1_139' title='bbox 359 1875 421 1925; x_wconf 91' lang='lat' dir='ltr'><strong>et</strong></span> <span class='ocrx_word' id='word_1_140' title='bbox 469 1864 628 1924; x_wconf 88' lang='lat' dir='ltr'><strong>filius</strong></span> <span class='ocrx_word' id='word_1_141' title='bbox 680 1862 779 1924; x_wconf 90' lang='lat' dir='ltr'><strong>ille</strong></span> <span class='ocrx_word' id='word_1_142' title='bbox 826 1875 1165 1935; x_wconf 88' lang='lat' dir='ltr'><strong>concoctor‚</strong></span> <span class='ocrx_word' id='word_1_143' title='bbox 1207 1874 1269 1922; x_wconf 89' lang='lat' dir='ltr'><strong>et</strong></span> <span class='ocrx_word' id='word_1_144' title='bbox 1317 1857 1675 1944; x_wconf 78' lang='lat' dir='ltr'><strong>publicanus</strong></span> <span class='ocrx_word' id='word_1_145' title='bbox 1734 1862 1835 1923; x_wconf 91' lang='lat' dir='ltr'><strong>ille</strong></span> <span class='ocrx_word' id='word_1_146' title='bbox 1884 1863 1945 1923; x_wconf 91' lang='lat' dir='ltr'>in</span> 
     </span>
     <span class='ocr_line' id='line_1_20' title="bbox 188 1944 1949 2030; baseline -0.002 -22"><span class='ocrx_word' id='word_1_147' title='bbox 188 1944 522 2030; x_wconf 67' lang='lat' dir='ltr'>Evangelio</span> <span class='ocrx_word' id='word_1_148' title='bbox 551 1968 690 2007; x_wconf 87' lang='lat' dir='ltr'><strong>cum</strong></span> <span class='ocrx_word' id='word_1_149' title='bbox 722 1946 1021 2007; x_wconf 82' lang='lat' dir='ltr'><strong>Pharisaeo</strong></span> <span class='ocrx_word' id='word_1_150' title='bbox 1041 1945 1315 2019; x_wconf 64' lang='lat' dir='ltr'><strong>collatus»,</strong></span> <span class='ocrx_word' id='word_1_151' title='bbox 1336 1956 1608 2028; x_wconf 85' lang='lat' dir='ltr'><strong>praeeunt</strong></span> <span class='ocrx_word' id='word_1_152' title='bbox 1627 1945 1803 2005; x_wconf 88' lang='lat' dir='ltr'>nobis</span> <span class='ocrx_word' id='word_1_153' title='bbox 1831 1945 1949 2006; x_wconf 90' lang='lat' dir='ltr'><strong>for-</strong></span> 
     </span>
     <span class='ocr_line' id='line_1_21' title="bbox 192 2028 1949 2107; baseline -0.001 -16"><span class='ocrx_word' id='word_1_154' title='bbox 192 2029 375 2091; x_wconf 86' lang='lat' dir='ltr'><strong>mulis</strong></span> <span class='ocrx_word' id='word_1_155' title='bbox 418 2028 1061 2091; x_wconf 79' lang='lat' dir='ltr'>accommodatissimis</span> <span class='ocrx_word' id='word_1_156' title='bbox 1099 2039 1345 2107; x_wconf 84' lang='lat' dir='ltr'><strong>peccata</strong></span> <span class='ocrx_word' id='word_1_157' title='bbox 1383 2039 1587 2089; x_wconf 87' lang='lat' dir='ltr'><strong>nostra</strong></span> <span class='ocrx_word' id='word_1_158' title='bbox 1624 2028 1763 2089; x_wconf 93' lang='lat' dir='ltr'><strong>Deo</strong></span> <span class='ocrx_word' id='word_1_159' title='bbox 1803 2051 1949 2089; x_wconf 88' lang='lat' dir='ltr'>con-</span> 
     </span>
     <span class='ocr_line' id='line_1_22' title="bbox 193 2111 1949 2192; baseline 0.001 -20"><span class='ocrx_word' id='word_1_160' title='bbox 193 2111 423 2175; x_wconf 81' lang='lat' dir='ltr'><strong>fitendi.</strong></span> <span class='ocrx_word' id='word_1_161' title='bbox 477 2112 590 2173; x_wconf 89' lang='lat' dir='ltr'><strong>Ille</strong></span> <span class='ocrx_word' id='word_1_162' title='bbox 617 2111 877 2185; x_wconf 83' lang='lat' dir='ltr'><strong>dicebat,</strong></span> <span class='ocrx_word' id='word_1_163' title='bbox 906 2111 1126 2183; x_wconf 81' lang='lat' dir='ltr'><strong>Pater,</strong></span> <span class='ocrx_word' id='word_1_164' title='bbox 1146 2111 1397 2192; x_wconf 80' lang='lat' dir='ltr'>peccavi</span> <span class='ocrx_word' id='word_1_165' title='bbox 1424 2112 1490 2172; x_wconf 83' lang='lat' dir='ltr'>in</span> <span class='ocrx_word' id='word_1_166' title='bbox 1519 2111 1736 2173; x_wconf 82' lang='lat' dir='ltr'><strong>coelum</strong></span> <span class='ocrx_word' id='word_1_167' title='bbox 1766 2120 1828 2172; x_wconf 82' lang='lat' dir='ltr'><strong>et</strong></span> <span class='ocrx_word' id='word_1_168' title='bbox 1855 2134 1949 2173; x_wconf 87' lang='lat' dir='ltr'><strong>co-</strong></span> 
     </span>
     <span class='ocr_line' id='line_1_23' title="bbox 191 2192 1944 2279; baseline 0 -23"><span class='ocrx_word' id='word_1_169' title='bbox 191 2215 330 2256; x_wconf 84' lang='lat' dir='ltr'><strong>ram</strong></span> <span class='ocrx_word' id='word_1_170' title='bbox 372 2203 453 2270; x_wconf 76' lang='lat' dir='ltr'><strong>te,</strong></span> <span class='ocrx_word' id='word_1_171' title='bbox 473 2194 618 2279; x_wconf 82' lang='lat' dir='ltr'><strong>jam</strong></span> <span class='ocrx_word' id='word_1_172' title='bbox 669 2214 790 2256; x_wconf 76' lang='lat' dir='ltr'><strong>non</strong></span> <span class='ocrx_word' id='word_1_173' title='bbox 837 2216 973 2255; x_wconf 78' lang='lat' dir='ltr'><strong>snm</strong></span> <span class='ocrx_word' id='word_1_174' title='bbox 1023 2194 1244 2277; x_wconf 79' lang='lat' dir='ltr'><strong>dignus</strong></span> <span class='ocrx_word' id='word_1_175' title='bbox 1289 2194 1500 2255; x_wconf 83' lang='lat' dir='ltr'>vocari</span> <span class='ocrx_word' id='word_1_176' title='bbox 1515 2192 1712 2276; x_wconf 78' lang='lat' dir='ltr'>filius</span> <span class='ocrx_word' id='word_1_177' title='bbox 1761 2203 1905 2256; x_wconf 78' lang='lat' dir='ltr'><strong>tuus</strong></span> <span class='ocrx_word' id='word_1_178' title='bbox 1923 2223 1944 2265; x_wconf 88' lang='lat'><em>;</em></span> 
     </span>
     <span class='ocr_line' id='line_1_24' title="bbox 167 2274 1948 2361; baseline -0.001 -21"><span class='ocrx_word' id='word_1_179' title='bbox 167 2274 300 2361; x_wconf 80' lang='lat' dir='ltr'><strong>sac</strong></span> <span class='ocrx_word' id='word_1_180' title='bbox 334 2299 431 2339; x_wconf 84' lang='lat' dir='ltr'><strong>me</strong></span> <span class='ocrx_word' id='word_1_181' title='bbox 468 2278 630 2338; x_wconf 76' lang='lat' dir='ltr'>sicut</span> <span class='ocrx_word' id='word_1_182' title='bbox 670 2299 859 2339; x_wconf 79' lang='lat' dir='ltr'><strong>unum</strong></span> <span class='ocrx_word' id='word_1_183' title='bbox 902 2277 977 2338; x_wconf 85' lang='lat' dir='ltr'><strong>de</strong></span> <span class='ocrx_word' id='word_1_184' title='bbox 1017 2277 1410 2338; x_wconf 58' lang='lat' dir='ltr'><strong>mercenari-is</strong></span> <span class='ocrx_word' id='word_1_185' title='bbox 1451 2278 1616 2338; x_wconf 76' lang='lat' dir='ltr'><strong>tuis:</strong></span> <span class='ocrx_word' id='word_1_186' title='bbox 1665 2277 1764 2338; x_wconf 88' lang='lat' dir='ltr'>hie</span> <span class='ocrx_word' id='word_1_187' title='bbox 1807 2300 1948 2338; x_wconf 83' lang='lat' dir='ltr'><strong>vero</strong></span> 
     </span>
     <span class='ocr_line' id='line_1_25' title="bbox 193 2359 1946 2442; baseline -0.001 -19"><span class='ocrx_word' id='word_1_188' title='bbox 193 2382 314 2423; x_wconf 87' lang='lat' dir='ltr'><strong>non</strong></span> <span class='ocrx_word' id='word_1_189' title='bbox 352 2359 578 2422; x_wconf 72' lang='lat' dir='ltr'><strong>audens</strong></span> <span class='ocrx_word' id='word_1_190' title='bbox 616 2360 847 2421; x_wconf 80' lang='lat' dir='ltr'><strong>elevare</strong></span> <span class='ocrx_word' id='word_1_191' title='bbox 885 2360 1090 2421; x_wconf 88' lang='lat' dir='ltr'><strong>oculos</strong></span> <span class='ocrx_word' id='word_1_192' title='bbox 1129 2360 1190 2420; x_wconf 92' lang='lat' dir='ltr'>in</span> <span class='ocrx_word' id='word_1_193' title='bbox 1232 2360 1483 2432; x_wconf 89' lang='lat' dir='ltr'><strong>coelum,</strong></span> <span class='ocrx_word' id='word_1_194' title='bbox 1518 2371 1730 2442; x_wconf 85' lang='lat' dir='ltr'><strong>pectus</strong></span> <span class='ocrx_word' id='word_1_195' title='bbox 1769 2383 1946 2422; x_wconf 89' lang='lat' dir='ltr'><strong>suum</strong></span> 
     </span>
     <span class='ocr_line' id='line_1_26' title="bbox 190 2442 1950 2524; baseline -0.001 -18"><span class='ocrx_word' id='word_1_196' title='bbox 190 2442 520 2517; x_wconf 85' lang='lat' dir='ltr'><strong>tundendo,</strong></span> <span class='ocrx_word' id='word_1_197' title='bbox 547 2442 880 2504; x_wconf 84' lang='lat' dir='ltr'><strong>clamabat:</strong></span> <span class='ocrx_word' id='word_1_198' title='bbox 926 2443 1105 2503; x_wconf 80' lang='lat' dir='ltr'><strong>Deus</strong></span> <span class='ocrx_word' id='word_1_199' title='bbox 1129 2442 1431 2524; x_wconf 77' lang='lat' dir='ltr'><strong>propitius</strong></span> <span class='ocrx_word' id='word_1_200' title='bbox 1468 2451 1593 2504; x_wconf 76' lang='lat' dir='ltr'><strong>esto</strong></span> <span class='ocrx_word' id='word_1_201' title='bbox 1626 2443 1779 2504; x_wconf 77' lang='lat' dir='ltr'><strong>mihi</strong></span> <span class='ocrx_word' id='word_1_202' title='bbox 1808 2465 1950 2524; x_wconf 85' lang='lat' dir='ltr'><strong>pec·-</strong></span> 
     </span>
     <span class='ocr_line' id='line_1_27' title="bbox 190 2525 1949 2608; baseline -0.001 -20"><span class='ocrx_word' id='word_1_203' title='bbox 190 2527 406 2588; x_wconf 70' lang='lat' dir='ltr'><strong>caton‘.</strong></span> <span class='ocrx_word' id='word_1_204' title='bbox 485 2526 623 2588; x_wconf 86' lang='lat' dir='ltr'><strong>Nec</strong></span> <span class='ocrx_word' id='word_1_205' title='bbox 659 2526 1007 2587; x_wconf 80' lang='lat' dir='ltr'><strong>dubitamus</strong></span> <span class='ocrx_word' id='word_1_206' title='bbox 1046 2526 1179 2586; x_wconf 93' lang='lat' dir='ltr'><strong>illos</strong></span> <span class='ocrx_word' id='word_1_207' title='bbox 1208 2525 1268 2585; x_wconf 91' lang='lat' dir='ltr'>in</span> <span class='ocrx_word' id='word_1_208' title='bbox 1301 2525 1552 2608; x_wconf 84' lang='lat' dir='ltr'>gratiam</span> <span class='ocrx_word' id='word_1_209' title='bbox 1591 2548 1626 2586; x_wconf 87' lang='lat' dir='ltr'>a</span> <span class='ocrx_word' id='word_1_210' title='bbox 1653 2525 1792 2587; x_wconf 93' lang='lat' dir='ltr'><strong>Deo</strong></span> <span class='ocrx_word' id='word_1_211' title='bbox 1819 2549 1949 2587; x_wconf 89' lang='lat' dir='ltr'>esse</span> 
     </span>
     <span class='ocr_line' id='line_1_28' title="bbox 10 2608 1951 2692; baseline -0.003 -18"><span class='ocrx_word' id='word_1_212' title='bbox 10 2659 18 2674; x_wconf 60' lang='grc'><strong>.»</strong></span> <span class='ocrx_word' id='word_1_213' title='bbox 192 2631 324 2671; x_wconf 83' lang='lat' dir='ltr'><strong>rece</strong></span> <span class='ocrx_word' id='word_1_214' title='bbox 369 2621 481 2671; x_wconf 87' lang='lat' dir='ltr'><strong>tos.</strong></span> <span class='ocrx_word' id='word_1_215' title='bbox 552 2609 797 2671; x_wconf 90' lang='lat' dir='ltr'>Etenim</span> <span class='ocrx_word' id='word_1_216' title='bbox 846 2610 1115 2671; x_wconf 83' lang='lat' dir='ltr'>Joannes</span> <span class='ocrx_word' id='word_1_217' title='bbox 1147 2608 1523 2692; x_wconf 82' lang='lat' dir='ltr'><strong>apostolus,1</strong></span> <span class='ocrx_word' id='word_1_218' title='bbox 1566 2608 1747 2669; x_wconf 85' lang='lat' dir='ltr'>Joan.</span> <span class='ocrx_word' id='word_1_219' title='bbox 1793 2608 1832 2669; x_wconf 90' lang='lat' dir='ltr'>i.</span> <span class='ocrx_word' id='word_1_220' title='bbox 1878 2609 1951 2669; x_wconf 81' lang='lat' dir='ltr'><strong>Si</strong></span> 
     </span>
     <span class='ocr_line' id='line_1_29' title="bbox 0 2689 1950 2781; baseline -0.001 -26"><span class='ocrx_word' id='word_1_221' title='bbox 0 2689 26 2781; x_wconf 57' lang='grc' dir='ltr'><strong>ἐξ</strong></span> <span class='ocrx_word' id='word_1_222' title='bbox 193 2706 302 2755; x_wconf 77' lang='lat' dir='ltr'><strong>con</strong></span> <span class='ocrx_word' id='word_1_223' title='bbox 377 2714 590 2755; x_wconf 72' lang='lat' dir='ltr'><strong>eantur</strong></span> <span class='ocrx_word' id='word_1_224' title='bbox 630 2701 888 2774; x_wconf 80' lang='lat' dir='ltr'><strong>peccata</strong></span> <span class='ocrx_word' id='word_1_225' title='bbox 943 2701 1175 2770; x_wconf 80' lang='lat' dir='ltr'><strong>nostra,</strong></span> <span class='ocrx_word' id='word_1_226' title='bbox 1217 2691 1436 2773; x_wconf 87' lang='lat' dir='ltr'>inquit,</span> <span class='ocrx_word' id='word_1_227' title='bbox 1451 2690 1676 2775; x_wconf 80' lang='lat' dir='ltr'><strong>fidelis</strong></span> <span class='ocrx_word' id='word_1_228' title='bbox 1734 2701 1843 2766; x_wconf 79' lang='lat' dir='ltr'><strong>est,</strong></span> <span class='ocrx_word' id='word_1_229' title='bbox 1889 2702 1950 2753; x_wconf 85' lang='lat' dir='ltr'><strong>et</strong></span> 
     </span>
     <span class='ocr_line' id='line_1_30' title="bbox 7 2775 1951 2859; baseline -0.001 -21"><span class='ocrx_word' id='word_1_230' title='bbox 7 2805 9 2811; x_wconf 93' lang='lat'>·</span> <span class='ocrx_word' id='word_1_231' title='bbox 169 2775 407 2859; x_wconf 70' lang='lat' dir='ltr'><strong>justus,</strong></span> <span class='ocrx_word' id='word_1_232' title='bbox 435 2785 507 2837; x_wconf 84' lang='lat' dir='ltr'><strong>ut</strong></span> <span class='ocrx_word' id='word_1_233' title='bbox 532 2777 807 2838; x_wconf 81' lang='lat' dir='ltr'><strong>remittat</strong></span> <span class='ocrx_word' id='word_1_234' title='bbox 834 2776 1004 2837; x_wconf 77' lang='lat' dir='ltr'>nobis</span> <span class='ocrx_word' id='word_1_235' title='bbox 1026 2784 1282 2857; x_wconf 83' lang='lat' dir='ltr'><strong>peccata</strong></span> <span class='ocrx_word' id='word_1_236' title='bbox 1317 2783 1545 2850; x_wconf 77' lang='lat' dir='ltr'><strong>nostra,</strong></span> <span class='ocrx_word' id='word_1_237' title='bbox 1573 2784 1632 2836; x_wconf 88' lang='lat' dir='ltr'><strong>et</strong></span> <span class='ocrx_word' id='word_1_238' title='bbox 1672 2775 1951 2836; x_wconf 80' lang='lat' dir='ltr'><strong>emundet</strong></span> 
     </span>
     <span class='ocr_line' id='line_1_31' title="bbox 189 2858 1951 2943; baseline -0.002 -20"><span class='ocrx_word' id='word_1_239' title='bbox 189 2881 301 2923; x_wconf 74' lang='lat' dir='ltr'><strong>nos</strong></span> <span class='ocrx_word' id='word_1_240' title='bbox 326 2859 406 2922; x_wconf 79' lang='lat' dir='ltr'><strong>ab</strong></span> <span class='ocrx_word' id='word_1_241' title='bbox 430 2860 595 2921; x_wconf 82' lang='lat' dir='ltr'>omni</span> <span class='ocrx_word' id='word_1_242' title='bbox 620 2860 964 2943; x_wconf 78' lang='lat' dir='ltr'><strong>iniquitate.</strong></span> <span class='ocrx_word' id='word_1_243' title='bbox 1051 2859 1123 2921; x_wconf 81' lang='lat' dir='ltr'><strong>Si</strong></span> <span class='ocrx_word' id='word_1_244' title='bbox 1165 2859 1496 2920; x_wconf 70' lang='lat' dir='ltr'><strong>dixerimus</strong></span> <span class='ocrx_word' id='word_1_245' title='bbox 1534 2879 1652 2919; x_wconf 82' lang='lat' dir='ltr'><strong>non</strong></span> <span class='ocrx_word' id='word_1_246' title='bbox 1674 2858 1951 2938; x_wconf 82' lang='lat' dir='ltr'>peccavi-</span> 
     </span>
     <span class='ocr_line' id='line_1_32' title="bbox 191 2941 1950 3040; baseline -0.001 -36"><span class='ocrx_word' id='word_1_247' title='bbox 191 2964 345 3040; x_wconf 52' lang='lat' dir='ltr'><strong>mus,</strong></span> <span class='ocrx_word' id='word_1_248' title='bbox 370 2943 715 3040; x_wconf 56' lang='lat' dir='ltr'><strong>nfendacem</strong></span> <span class='ocrx_word' id='word_1_249' title='bbox 719 2941 1007 3027; x_wconf 79' lang='lat' dir='ltr'><strong>facimus</strong></span> <span class='ocrx_word' id='word_1_250' title='bbox 1045 2965 1199 3019; x_wconf 80' lang='lat' dir='ltr'><strong>eum,</strong></span> <span class='ocrx_word' id='word_1_251' title='bbox 1228 2950 1288 3003; x_wconf 83' lang='lat' dir='ltr'><strong>et</strong></span> <span class='ocrx_word' id='word_1_252' title='bbox 1315 2963 1512 3003; x_wconf 81' lang='lat' dir='ltr'><strong>sermo</strong></span> <span class='ocrx_word' id='word_1_253' title='bbox 1542 2941 1674 3024; x_wconf 74' lang='lat' dir='ltr'><strong>ejus</strong></span> <span class='ocrx_word' id='word_1_254' title='bbox 1714 2963 1831 3002; x_wconf 79' lang='lat' dir='ltr'><strong>non</strong></span> <span class='ocrx_word' id='word_1_255' title='bbox 1861 2950 1950 3002; x_wconf 76' lang='lat' dir='ltr'><strong>est</strong></span> 
     </span>
     <span class='ocr_line' id='line_1_33' title="bbox 195 3025 801 3088; baseline -0.005 0"><span class='ocrx_word' id='word_1_256' title='bbox 195 3046 261 3087; x_wconf 82' lang='lat' dir='ltr'><strong>m</strong></span> <span class='ocrx_word' id='word_1_257' title='bbox 283 3025 471 3088; x_wconf 71' lang='lat' dir='ltr'>nobis.</span> <span class='ocrx_word' id='word_1_258' title='bbox 792 3079 801 3085; x_wconf 18' lang='lat' dir='ltr'>s</span> 
     </span>
     <span class='ocr_line' id='line_1_34' title="bbox 277 3090 1952 3188; baseline -0.001 -19"><span class='ocrx_word' id='word_1_259' title='bbox 277 3107 599 3170; x_wconf 87' lang='lat' dir='ltr'><strong>Credimus</strong></span> <span class='ocrx_word' id='word_1_260' title='bbox 656 3090 856 3171; x_wconf 67' lang='lat' dir='ltr'><strong>autem</strong></span> <span class='ocrx_word' id='word_1_261' title='bbox 910 3108 1068 3170; x_wconf 84' lang='lat' dir='ltr'>hanc</span> <span class='ocrx_word' id='word_1_262' title='bbox 1117 3108 1553 3170; x_wconf 87' lang='lat' dir='ltr'>confessionem</span> <span class='ocrx_word' id='word_1_263' title='bbox 1606 3106 1952 3188; x_wconf 84' lang='lat' dir='ltr'>ingenuam,</span> 
     </span>
     <span class='ocr_line' id='line_1_35' title="bbox 194 3190 1950 3275; baseline -0.001 -23"><span class='ocrx_word' id='word_1_264' title='bbox 194 3211 331 3271; x_wconf 79' lang='lat' dir='ltr'><strong>quae</strong></span> <span class='ocrx_word' id='word_1_265' title='bbox 359 3190 471 3252; x_wconf 89' lang='lat' dir='ltr'>soli</span> <span class='ocrx_word' id='word_1_266' title='bbox 497 3190 637 3252; x_wconf 90' lang='lat' dir='ltr'><strong>Deo</strong></span> <span class='ocrx_word' id='word_1_267' title='bbox 673 3194 764 3266; x_wconf 85' lang='lat' dir='ltr'><strong>fit,</strong></span> <span class='ocrx_word' id='word_1_268' title='bbox 789 3193 883 3253; x_wconf 85' lang='lat' dir='ltr'><strong>vel</strong></span> <span class='ocrx_word' id='word_1_269' title='bbox 912 3192 1191 3275; x_wconf 84' lang='lat' dir='ltr'><strong>privatim</strong></span> <span class='ocrx_word' id='word_1_270' title='bbox 1233 3191 1389 3252; x_wconf 89' lang='lat' dir='ltr'>inter</span> <span class='ocrx_word' id='word_1_271' title='bbox 1416 3190 1619 3270; x_wconf 87' lang='lat' dir='ltr'><strong>Deum</strong></span> <span class='ocrx_word' id='word_1_272' title='bbox 1652 3201 1714 3248; x_wconf 89' lang='lat' dir='ltr'><strong>et</strong></span> <span class='ocrx_word' id='word_1_273' title='bbox 1742 3210 1950 3271; x_wconf 81' lang='lat' dir='ltr'><strong>pecca-</strong></span> 
     </span>
     <span class='ocr_line' id='line_1_36' title="bbox 194 3271 1951 3356; baseline -0.002 -21"><span class='ocrx_word' id='word_1_274' title='bbox 194 3285 410 3346; x_wconf 85' lang='lat' dir='ltr'><strong>torem,</strong></span> <span class='ocrx_word' id='word_1_275' title='bbox 436 3272 530 3334; x_wconf 87' lang='lat' dir='ltr'><strong>vel</strong></span> <span class='ocrx_word' id='word_1_276' title='bbox 606 3274 761 3335; x_wconf 84' lang='lat' dir='ltr'><strong>alam</strong></span> <span class='ocrx_word' id='word_1_277' title='bbox 791 3274 854 3335; x_wconf 91' lang='lat' dir='ltr'>in</span> <span class='ocrx_word' id='word_1_278' title='bbox 882 3274 1134 3356; x_wconf 88' lang='lat' dir='ltr'><strong>templo,</strong></span> <span class='ocrx_word' id='word_1_279' title='bbox 1158 3274 1260 3334; x_wconf 92' lang='lat' dir='ltr'><strong>ubi</strong></span> <span class='ocrx_word' id='word_1_280' title='bbox 1292 3272 1582 3355; x_wconf 84' lang='lat' dir='ltr'><strong>generalis</strong></span> <span class='ocrx_word' id='word_1_281' title='bbox 1613 3271 1714 3331; x_wconf 84' lang='lat' dir='ltr'><strong>illa</strong></span> <span class='ocrx_word' id='word_1_282' title='bbox 1741 3292 1951 3353; x_wconf 78' lang='lat' dir='ltr'><strong>peeca-</strong></span> 
     </span>
     <span class='ocr_line' id='line_1_37' title="bbox 194 3349 1947 3429; baseline -0.001 -12"><span class='ocrx_word' id='word_1_283' title='bbox 194 3349 395 3418; x_wconf 64' lang='lat' dir='ltr'><strong>toium</strong></span> <span class='ocrx_word' id='word_1_284' title='bbox 431 3377 545 3417; x_wconf 87' lang='lat' dir='ltr'><strong>eon</strong></span> <span class='ocrx_word' id='word_1_285' title='bbox 575 3356 728 3416; x_wconf 85' lang='lat' dir='ltr'>essio</span> <span class='ocrx_word' id='word_1_286' title='bbox 762 3357 1060 3429; x_wconf 81' lang='lat' dir='ltr'><strong>recitatur,</strong></span> <span class='ocrx_word' id='word_1_287' title='bbox 1089 3355 1378 3428; x_wconf 87' lang='lat' dir='ltr'><strong>sufficere,</strong></span> <span class='ocrx_word' id='word_1_288' title='bbox 1407 3377 1518 3415; x_wconf 89' lang='lat' dir='ltr'><strong>nec</strong></span> <span class='ocrx_word' id='word_1_289' title='bbox 1552 3353 1947 3415; x_wconf 76' lang='lat' dir='ltr'>necessarium</span> 
     </span>
     <span class='ocr_line' id='line_1_38' title="bbox 194 3436 1951 3521; baseline -0.002 -21"><span class='ocrx_word' id='word_1_290' title='bbox 194 3461 326 3500; x_wconf 81' lang='lat' dir='ltr'>esse</span> <span class='ocrx_word' id='word_1_291' title='bbox 354 3438 428 3501; x_wconf 81' lang='lat' dir='ltr'><strong>ad</strong></span> <span class='ocrx_word' id='word_1_292' title='bbox 459 3438 869 3499; x_wconf 89' lang='lat' dir='ltr'>remissionem</span> <span class='ocrx_word' id='word_1_293' title='bbox 930 3450 1310 3521; x_wconf 83' lang='lat' dir='ltr'><strong>peccatorum</strong></span> <span class='ocrx_word' id='word_1_294' title='bbox 1344 3436 1951 3518; x_wconf 66' lang='lat' dir='ltr'><strong>consequendam,‘ut</strong></span> 
     </span>
     <span class='ocr_line' id='line_1_39' title="bbox 196 3518 1949 3606; baseline -0.002 -22"><span class='ocrx_word' id='word_1_295' title='bbox 196 3522 332 3604; x_wconf 80' lang='lat' dir='ltr'><strong>quis</strong></span> <span class='ocrx_word' id='word_1_296' title='bbox 355 3533 609 3606; x_wconf 81' lang='lat' dir='ltr'><strong>peccata</strong></span> <span class='ocrx_word' id='word_1_297' title='bbox 639 3544 746 3583; x_wconf 82' lang='lat' dir='ltr'><strong>sua</strong></span> <span class='ocrx_word' id='word_1_298' title='bbox 774 3523 1132 3582; x_wconf 84' lang='lat' dir='ltr'><strong>confiteatur</strong></span> <span class='ocrx_word' id='word_1_299' title='bbox 1158 3519 1470 3594; x_wconf 79' lang='lat' dir='ltr'><strong>sacerdoti,</strong></span> <span class='ocrx_word' id='word_1_300' title='bbox 1498 3518 1858 3582; x_wconf 81' lang='lat' dir='ltr'><strong>susurrando</strong></span> <span class='ocrx_word' id='word_1_301' title='bbox 1887 3521 1949 3581; x_wconf 88' lang='lat' dir='ltr'>in</span> 
     </span>
     <span class='ocr_line' id='line_1_40' title="bbox 198 3602 1948 3688; baseline -0.002 -21"><span class='ocrx_word' id='word_1_302' title='bbox 198 3626 369 3667; x_wconf 71' lang='lat' dir='ltr'><strong>aures</strong></span> <span class='ocrx_word' id='word_1_303' title='bbox 407 3605 616 3688; x_wconf 86' lang='lat' dir='ltr'>ipsius,</span> <span class='ocrx_word' id='word_1_304' title='bbox 657 3616 726 3666; x_wconf 89' lang='lat' dir='ltr'><strong>ut</strong></span> <span class='ocrx_word' id='word_1_305' title='bbox 755 3604 1015 3676; x_wconf 86' lang='lat' dir='ltr'>vicissim</span> <span class='ocrx_word' id='word_1_306' title='bbox 1055 3625 1195 3665; x_wconf 92' lang='lat' dir='ltr'><strong>cum</strong></span> <span class='ocrx_word' id='word_1_307' title='bbox 1229 3602 1614 3687; x_wconf 87' lang='lat' dir='ltr'>impositione</span> <span class='ocrx_word' id='word_1_308' title='bbox 1653 3625 1948 3665; x_wconf 86' lang='lat' dir='ltr'><strong>manuum</strong></span> 
     </span>
    </p>
   </div>
   <div class='ocr_carea' id='block_1_3' title="bbox 0 2176 14 2223">
    <p class='ocr_par' dir='ltr' id='par_1_3' title="bbox 0 2176 14 2223">
     <span class='ocr_line' id='line_1_41' title="bbox 0 2176 14 2223; baseline 0 0"><span class='ocrx_word' id='word_1_309' title='bbox 0 2176 14 2223; x_wconf 69' lang='grc' dir='ltr'><strong>ι’</strong></span> 
     </span>
    </p>
   </div>
   <div class='ocr_carea' id='block_1_4' title="bbox 1681 3776 1714 3788">
    <p class='ocr_par' dir='ltr' id='par_1_4' title="bbox 1681 3776 1714 3788">
     <span class='ocr_line' id='line_1_42' title="bbox 1681 3776 1714 3788; baseline 0 -2"><span class='ocrx_word' id='word_1_310' title='bbox 1681 3776 1714 3788; x_wconf 61' lang='lat'><strong>‘-</strong></span> 
     </span>
    </p>
   </div>
   <div class='ocr_carea' id='block_1_5' title="bbox 0 2776 105 4172">
    <p class='ocr_par' dir='ltr' id='par_1_5' title="bbox 0 2776 105 4172">
     <span class='ocr_line' id='line_1_43' title="bbox 0 2776 105 4172; baseline 0 0"><span class='ocrx_word' id='word_1_311' title='bbox 0 2776 105 4172; x_wconf 95' lang='lat' dir='ltr'><strong> </strong></span> 
     </span>
    </p>
   </div>
  </div>
 </body>
</html>
