2418 4172
0 1227 2 1229 ’
0 755 23 1194 πνσὴ-Ψευ-

0 1659 18 1764 f

0 1749 40 1954 ἑ,

816 325 1354 378 HELVETICA.
1886 331 1955 385 77

211 468 627 533 differentiam.
712 467 937 529 Nostra
974 467 1137 528 enim
1180 467 1443 527 firmiora
1471 479 1529 525 et
1562 470 1753 548 magis
1780 469 1956 532 dura-

212 552 359 615 bilia
401 563 564 623 sunt,
593 562 802 633 utpote
836 572 970 632 quoe
1012 550 1074 609 in
1120 550 1306 609 finem
1349 569 1540 628 usque
1575 550 1758 609 seculi
1800 574 1958 613 nun-

211 655 397 717 quam
447 634 865 695 mutabuntur.
947 631 1068 692 Sed
1102 644 1177 692 -et
1227 653 1352 691 rem
1398 642 1460 691 et
1497 630 1955 714 promissionem

212 716 579 800 completam
600 715 689 777 vel
802 716 1049 776 rfectam
1083 715 1146 775 in
1170 713 1416 775 Christo
1445 725 1759 788 testantur,
1775 737 1956 796 quam

212 799 634 883 complendam
686 738 799 859 ili:
844 798 1287 881 significabant.
1375 796 1757 878 Simpliciora
1815 798 1957 858 item

213 894 361 945 sunt
387 894 590 945 nostra
618 892 679 942 et
709 882 910 942 minus
952 904 990 941 o
1071 903 1221 952 rosa,
1251 881 1454 941 minus
1495 879 1641 939 item
1683 894 1962 964 sumptu·

212 987 317 1027 osa
345 976 406 1026 et
435 965 808 1026 coeremoniis
840 965 982 1024 invo
1006 976 1128 1024 uta.
1215 963 1528 1023 Pertinent
1567 976 1849 1045 praeterea
1888 964 1959 1023 ad

214 1048 566 1131 ampliorem
627 1048 940 1130 populum,
997 1069 1104 1140 per
1154 1059 1347 1106 totum
1408 1060 1696 1106 terrarum
1755 1048 1959 1106 orbem

213 1130 590 1215 dispersum:
634 1152 898 1211 cumque
935 1142 1118 1191 ctiam
1162 1129 1482 1189 illustriora
1513 1129 1653 1202 sint,
1681 1141 1743 1189 et
1776 1130 1963 1208 majo·

216 1235 345 1276 rem
388 1217 519 1294 (per
556 1214 848 1296 Spiritum
881 1215 1203 1290 Sanctum)
1246 1211 1515 1272 excitent
1560 1211 1763 1285 fldem,
1807 1211 1964 1272 inse-

217 1296 426 1379 quitur
453 1296 636 1357 etiam
668 1297 908 1357 uberior
937 1296 1198 1379 Spiritus
1229 1295 1420 1378 copia.

300 1378 481 1440 Certe
522 1401 662 1440 cum
693 1378 974 1439 Christus
1002 1401 1175 1439 verus
1222 1378 1478 1438 Messias
1524 1377 1698 1437 nobis
1742 1377 1820 1437 sit
1862 1399 1966 1437 cx-

220 1461 469 1534 hibitus,
514 1475 577 1522 et
626 1461 1002 1523 abundantia
1057 1461 1260 1540 gratiae
1317 1460 1502 1520 effusa
1552 1460 1617 1520 in
1751 1460 1961 1542 pulum

217 1543 382 1606 Novi
402 1544 797 1615 Testamenti,
826 1546 1109 1626 abrogata
1138 1555 1279 1603 sunt
1307 1543 1538 1623 utique,
1561 1565 1630 1603 ac
1701 1542 1966 1603 esierunt

217 1626 433 1688 veteris
474 1626 682 1708 populi
727 1638 1120 1695 sacramenta,
1156 1637 1219 1684 et
1261 1625 1582 1705 subrogata
1625 1636 1768 1683 sunt
1802 1624 1964 1684 Novi

215 1708 590 1771 Testamenti
622 1709 919 1789 symbola,
940 1708 1003 1767 in
1035 1708 1236 1767 locum
1265 1705 1782 1777 Circumcisionis‚
1806 1706 1969 1788 Bap-

218 1791 534 1865 tismus,et
561 1790 626 1851 in
651 1791 849 1851 locum
875 1790 1032 1871 Agni
1061 1788 1366 1850 Pascbalis
1397 1788 1968 1869 sacrificiorumque,

218 1873 421 1936 Coena
447 1874 791 1935 Dominica.

302 1957 475 2019 Sicut
503 1968 704 2018 autem
735 1955 1044 2037 quondam
1077 1967 1448 2015 sacramenta
1469 1955 1827 2014 constabant
1845 1975 1971 2014 ver-

220 2041 321 2115 bo,
347 2039 541 2122 signo,
569 2058 632 2099 et
673 2061 736 2100 re
773 2039 1128 2119 significata,
1156 2038 1241 2099 ita
1277 2059 1445 2098 nunc
1481 2059 1726 2118 quoque
1755 2036 1967 2097 iisdem

221 2121 406 2184 veluti
441 2122 712 2205 partibus
741 2122 1151 2182 absolvuntur.
1237 2120 1402 2180 Nam
1433 2122 1616 2180 verbo
1644 2119 1764 2180 Dei
1796 2122 1971 2190 fiunt,

223 2220 360 2287 que
386 2219 564 2266 antea
601 2220 720 2264 non
760 2204 1023 2275 suerunt,
1053 2208 1470 2263 sacramenta.'
1527 2202 1973 2263 Consecrantur

221 2287 405 2351 enim.
420 2288 622 2361 verbo,
651 2300 712 2347 et
755 2286 1126 2346 sanctificata
1167 2296 1297 2345 esse
1339 2284 1740 2346 ostenduntur
1782 2286 1857 2344 ab
1901 2307 1972 2344 eo

222 2369 330 2452 qui
386 2369 670 2431 instituit.
757 2369 841 2429 Et
888 2365 1277 2450 sanctificare
1321 2369 1414 2427 vel
1466 2389 1835 2442 consecrare,
1882 2379 1971 2427 est

222 2474 350 2516 rem
398 2453 663 2534 aliquam
714 2452 853 2512 Deo
902 2451 1205 2532 sacrisque
1255 2451 1462 2510 usibus
1512 2450 1806 2521 dedicare,
1857 2450 1973 2531 hoc

221 2547 334 2612 est,
355 2558 391 2597 a
418 2536 729 2597 communi
747 2535 839 2596 vel
870 2535 1188 2618 prophano
1218 2555 1331 2594 usu
1366 2555 1695 2616 segregare,
1716 2544 1778 2593 et
1807 2554 1974 2593 sacro

220 2619 361 2681 usui
416 2618 735 2680 destinare.
820 2618 977 2678 Sunt
1034 2617 1199 2677 enim
1250 2617 1313 2676 iii
1366 2616 1755 2678 sacramentis
1806 2616 1974 2698 signa

223 2702 416 2846 &fita
456 2723 532 2763 ex
575 2723 689 2762 usu
716 2700 968 2783 vulgari,
996 2723 1088 2761 res
1131 2712 1392 2760 externae
1434 2712 1496 2759 et
1530 2699 1814 2760 visibiles
1901 2699 1973 2758 In

305 2784 532 2868 ptismo
569 2785 733 2846 enim
774 2785 1018 2867 signum
1062 2794 1153 2843 est
1191 2783 1561 2843 elementum
1592 2804 1780 2863 aquae,
1810 2781 1977 2841 ablu-

225 2868 434 2951 tioque
460 2867 566 2928 illa
591 2867 845 2928 visibilis
874 2889 1010 2948 quae
1040 2868 1112 2927 fit
1141 2888 1247 2949 per
1275 2866 1640 2926 ministrum.
1714 2863 1835 2923 Res
1871 2885 1976 2924 au-

225 2961 353 3013 tem
383 2950 737 3033 significata,
753 2962 845 3011 est
873 2950 1243 3032 regeneratio
1261 2950 1353 3008 vel
1385 2948 1615 3008 ablutio
1639 2969 1670 3007 a
1694 2946 1974 3031 peccatis.

229 3033 306 3094 In
331 3033 532 3095 Coena
558 3055 698 3094 vero
721 3033 1004 3113 Domini,
1031 3033 1273 3115 signum
1313 3048 1403 3091 est
1442 3030 1614 3113 panis
1657 3041 1719 3090 et
1747 3029 1977 3102 vinum,

229 3127 509 3199 sumptus
551 3138 627 3177 ex
671 3116 981 3178 communi
1022 3138 1135 3176 usu
1175 3115 1294 3176 cibi
1334 3126 1396 3174 et
1433 3125 1633 3196 potus.
1722 3111 1844 3171 Res
1874 3133 1978 3171 au-

230 3210 356 3259 tem
387 3197 744 3279 significata,
772 3211 864 3259 est
891 3199 1094 3281 ipsum
1124 3197 1413 3259 traditum
1444 3195 1697 3257 Domini
1741 3215 1977 3277 corpus,

230 3292 294 3342 et
321 3279 566 3361 sanguis
595 3280 724 3360 ejus
753 3281 974 3342 effusus
1005 3304 1112 3363 pro
1142 3281 1336 3350 nobis,
1354 3280 1447 3339 vel
1477 3276 1831 3338 communio
1850 3297 1980 3338 cor·-
2059 3276 2067 3284 ’

231 3363 393 3447 poris
423 3375 485 3423 ct
512 3362 823 3445 sanguinis
849 3363 1124 3423 Domini.
1211 3361 1484 3430 Proinde,
1513 3382 1689 3442 aqua,
1797 3359 1890 3420 nis
1918 3372 1979 3420 et

230 3446 443 3507 vinum
481 3467 589 3506 sua
631 3457 862 3518 natura,
889 3456 950 3505 et
991 3456 1161 3505 extra
1203 3444 1648 3504 institutionem
1728 3442 1979 3516 ivinam,

232 3551 322 3591 ac·
345 3550 523 3591 usum
566 3541 864 3600 sanctum,
894 3526 1188 3588 duntaxat
1229 3526 1290 3587 id
1336 3537 1495 3598 sunt,
1523 3525 1684 3608 quod
1722 3546 1852 3587 esse
1886 3525 1979 3586 di·

234 3622 471 3687 cuntur,¹
497 3623 558 3672 et
586 3612 948 3694 experimur.
1018 3611 1344 3683 Caeterum‚
1373 3610 1421 3670 si
1452 3609 1696 3671 accedat
1722 3607 1978 3669 Domini
2006 3688 2014 3692 -

1674 3776 1710 3788 Ι
