2418 4172
0 1101 10 1202 <w-
0 781 13 1083 *xvv—v--rvwv
0 697 5 723 ‘v

56 947 67 962 s

620 351 1502 407 HEIDELBERGENSIS.
1822 357 1936 415 8oe

281 503 416 554 122.
451 492 603 558 Quae
632 502 723 555 est
744 495 949 574 prima
967 494 1186 576 petitio
1205 495 1244 554 9

274 573 706 659 Sanctificetur
724 598 939 639 nomen
966 586 1138 638 tuum
1158 600 1179 638 .-
1213 575 1329 638 hoc
1355 584 1467 648 est,
1488 573 1589 637 Da
1616 576 1935 660 principio,

193 667 265 719 ut
303 668 365 718 te
406 672 563 722 recte
605 680 999 742 agnoscamus
1016 659 1064 732 ¹¹,
1097 670 1160 720 et
1197 659 1496 719 lucentem
1541 658 1607 720 in
1650 660 1933 721 omnibus

190 740 471 823 operibus
527 742 646 803 tuis
701 741 1226 823 omnipotentiam,
1274 740 1653 822 sapientiam,
1703 742 1937 804 bonita„

191 835 339 898 tem,
383 823 707 904 justitiam,
758 822 1245 894 misericordiam,
1287 834 1348 882 et
1397 823 1708 884 veritatem
1767 836 1934 886 tuam

191 925 562 978 veneremur,
590 903 984 998 praedicemus
1020 917 1083 966 et
1118 904 1487 966 celebremus
1509 905 1559 966 ¹:
1602 905 1841 981 deinde,
1870 919 1938 969 ut

191 987 528 1048 universam
560 999 744 1048 vitam
777 998 1059 1061 nostram,
1087 987 1501 1069 cogitationes,
1524 1010 1847 1063 sermones,
1876 1001 1938 1051 et

190 1068 478 1143 actiones,
505 1091 578 1130 eo
608 1091 846 1152 semper
873 1069 1220 1153 dirigamus,
1250 1092 1326 1131 ne
1356 1072 1803 1133 sanctissimum
1831 1095 1940 1133 no-

192 1171 334 1213 man
381 1161 554 1213 tuum
607 1164 851 1235 propter
895 1175 1004 1213 nos
1057 1145 1422 1215 contumelia
1472 1154 1782 1230 afficiatur,
1833 1155 1937 1216 sed

193 1232 420 1296 honore
446 1236 648 1318 potius
676 1247 739 1295 et
765 1235 1042 1297 laudibus
1071 1236 1400 1298 illustretur
1416 1236 1460 1296 Β.

283 1328 419 1380 123.
454 1317 605 1382 Quoe
633 1326 724 1378 est
748 1319 1010 1380 secunda
1030 1319 1247 1400 petitio
1266 1319 1297 1382 ἲ

282 1397 509 1462 Veniat
548 1422 808 1495 regnum
851 1410 1024 1462 tuum
1043 1426 1065 1462 .·
1112 1402 1229 1463 boc
1277 1413 1385 1477 est,
1435 1401 1634 1495 Regas
1690 1424 1800 1463 nos
1856 1403 1941 1465 ita

194 1482 378 1543 verbo
419 1494 482 1544 et
525 1484 754 1567 Spiritu
800 1494 925 1559 tuo,
971 1495 1041 1545 ut
1084 1506 1192 1545 nos
1237 1484 1345 1544 tibi
1392 1505 1583 1566 magis
1627 1485 1941 1567 magisque

194 1564 647 1647 subjiciamus¹:
690 1588 974 1627 conserva
1014 1577 1076 1627 et
1117 1588 1271 1648 auge
1307 1566 1642 1628 Ecclesiam
1674 1579 1940 1628 tuarum:

193 1645 433 1709 destrue
464 1670 657 1730 opera
681 1648 929 1710 Diaboli
958 1670 1328 1730 omnemque
1354 1650 1692 1732 potentiam
1733 1672 1798 1710 se
1837 1648 1943 1710 ad-

195 1750 396 1790 versus
427 1730 799 1810 majestatem
831 1740 999 1791 tuam
1030 1730 1398 1791 efferentem:
1429 1731 1592 1791 irrita
1618 1731 1715 1792 fac
1736 1731 1943 1793 omnia

194 1810 461 1886 consilia,
477 1834 613 1893 quae
632 1822 839 1873 contra
854 1813 1103 1873 verbum
1131 1823 1308 1872 tuum
1330 1813 1715 1896 capiunturnz
1742 1812 1943 1894 quoad

193 1893 374 1989 plene
413 1893 658 1956 tandem
704 1917 775 1957 ae
816 1895 1080 1978 perfecte
1120 1917 1332 1978 regnes
1349 1907 1397 1970 ⁰,
1424 1918 1565 1957 cum
1596 1896 1709 1957 eris
1738 1896 1944 1958 omnia

196 1996 259 2037 ιιι
286 1976 572 2037 omnibus
589 1989 633 2037 Ρ.

290 2070 425 2120 124.
461 2058 614 2123 Quae
643 2067 733 2120 est
761 2060 945 2120 tertia
966 2059 1233 2139 petitio?

268 2140 432 2202 flat
479 2140 758 2203 voluntas
807 2150 937 2215 tua,
981 2142 1477 2224 quemadmodum
1531 2143 1598 2204 in
1647 2142 1815 2218 coelo,
1853 2144 1945 2206 sic

199 2224 382 2285 etim
409 2225 475 2285 in
504 2232 717 2285 terra.-
764 2224 881 2285 hoc
921 2237 1031 2298 est,
1072 2224 1175 2285 Da
1215 2237 1286 2285 ut
1327 2246 1436 2285 uos
1478 2236 1541 2286 et
1580 2246 1791 2286 omnes
1836 2225 1945 2286 ho-

200 2306 414 2377 mines,
442 2307 738 2368 voluntati
781 2306 1034 2391 propriae
1076 2308 1484 2368 renuntiantes
1501 2319 1548 2382 q,
1576 2319 1695 2368 tuae
1731 2308 1945 2370 volun·

199 2389 329 2461 tati,
356 2410 494 2471 quae
526 2391 653 2451 sola
681 2402 773 2450 est
801 2402 1026 2464 sancta,
1053 2402 1335 2473 prompte
1377 2401 1437 2451 et
1469 2390 1596 2451 sine
1625 2390 1751 2451 ullo
1779 2413 1946 2452 mur·-

199 2492 371 2533 mure
408 2493 723 2554 pareamus
739 2484 781 2547 ἲ,
808 2484 988 2554 atque
1022 2473 1108 2533 ita
1134 2472 1354 2555 singuli
1386 2473 1739 2534 mandatum
1768 2474 1944 2534 nobis

198 2575 420 2615 munus
466 2555 722 2616 fideliter
763 2571 827 2616 et
871 2555 1146 2616 alacriter
1187 2576 1559 2637 exequamur
1576 2566 1615 2627 ⁸,
1655 2555 1945 2637 quemad-

203 2636 452 2698 modum
481 2637 711 2699 faciunt
738 2638 935 2720 angeli
967 2638 1028 2699 in
1058 2637 1216 2698 coelo
1236 2642 1273 2698 ὓ.

291 2730 427 2781 125.
461 2720 613 2786 Qua:
640 2729 732 2782 est
758 2729 984 2804 quarta
1004 2721 1222 2802 petitio
1244 2720 1276 2783 ἲ

289 2799 520 2864 Panem
541 2812 813 2865 nostrum
841 2804 1259 2887 quotidianum
1288 2802 1370 2863 da
1396 2803 1565 2864 nobis
1592 2803 1800 2863 hodie.-
1829 2803 1947 2865 hoc

201 2893 314 2958 est,
339 2883 671 2967 Suppedita
698 2886 872 2947 nobis
899 2888 1104 2948 omnia
1131 2908 1267 2969 quae
1295 2885 1372 2946 ad
1407 2885 1562 2947 hanc
1588 2886 1775 2947 vitam
1806 2898 1948 2948 sunt

272 3036 295 3067 ¹¹
328 3038 441 3087 soh.
466 3037 572 3086 xvii.
598 3053 645 3100 3.
701 3038 886 3087 Jercix.
914 3052 992 3101 23,
1017 3054 1096 3100 24.
1121 3049 1170 3087 et
1192 3037 1315 3086 xxxi.
1342 3052 1423 3099 33,
1445 3052 1527 3100 34.
1584 3037 1729 3084 Matt.
1755 3036 1843 3086 xvi.
1871 3051 1947 3100 17.

203 3105 371 3153 Jacob.
391 3106 422 3152 i.
448 3118 497 3168 5.
565 3105 689 3153 Psal.
714 3104 833 3154 cxix.
862 3120 968 3167 ¹05·
1121 3107 1130 3137 ἰ
1170 3105 1291 3153 Psal.
1316 3104 1436 3152 cxix.
1460 3117 1568 3166 137,
1591 3104 1698 3165 138.
1771 3104 1889 3152 Luc.
1913 3103 1946 3153 i.

205 3172 421 3235 46—55.
446 3181 497 3219 et
518 3172 735 3236 68—75.
794 3171 918 3220 Psal.
936 3170 1077 3220 exliii.
1100 3187 1140 3228 1,
1170 3187 1214 3228 2,
1240 3185 1287 3234 5,
1316 3187 1389 3227 ιο,
1418 3186 1490 3228 11,
1514 3186 1589 3219 12.
1615 3181 1665 3218 et
1683 3170 1801 3218 cxlv.
1828 3171 1877 3227 8,
1895 3185 1946 3235 9,

213 3252 288 3300 17.
357 3237 509 3287 Exod.
530 3238 681 3286 xxxiv.
705 3239 754 3293 6,
781 3251 827 3299 7.
892 3239 992 3286 Jer.
1013 3238 1132 3287 xxxi.
1158 3254 1205 3301 3.
1232 3249 1281 3286 et
1305 3237 1446 3286 xxxii.
1470 3239 1544 3294 18,
1571 3253 1649 3301 19,
1672 3253 1756 3298 4ο,
1777 3252 1863 3299 41.
1897 3247 1948 3287 et

205 3304 359 3353 xxxiii.
383 3321 456 3362 ιι,
479 3319 558 3361 2ο,
587 3321 666 3354 21.
739 3306 885 3352 Man.
909 3306 1005 3352 xix.
1030 3320 1107 3367 ¹7·
1182 3306 1327 3353 Rom.
1350 3303 1412 3352 iii.
1438 3320 1485 3367 3,
1513 3320 1561 3366 4.
1600 3316 1650 3353 et
1668 3303 1732 3352 xi.
1758 3319 1839 3362 22,
1867 3319 1947 3368 23.

211 3386 238 3420 2
262 3372 390 3420 Tim.
411 3371 458 3420 ii.
487 3387 560 3435 ¹9·
731 3370 754 3401 ¹¹
792 3370 916 3419 l’sal.
940 3370 1052 3419 lxxi.
1077 3372 1123 3420 8.
1147 3382 1195 3419 et
1218 3388 1318 3420 cxv.
1349 3387 1392 3418 1.
1562 3372 1572 3402 ¹
1608 3372 1754 3420 Mau.
1776 3370 1838 3420 vi.
1863 3386 1946 3436 33.

207 3437 332 3487 Psal.
354 3438 471 3487 cxix.
500 3452 546 3502 5.
568 3450 618 3487 et
639 3437 780 3487 cxliii.
807 3454 883 3486 ιο.
1197 3447 1233 3470 ·“
1267 3437 1391 3486 Psal.
1412 3436 1463 3485 li.
1490 3438 1563 3486 18.
1586 3448 1636 3487 et
1656 3437 1799 3487 cxxii.
1823 3438 1872 3496 6,
1899 3452 1947 3503 7.

205 3514 229 3539 ⁸
257 3506 408 3554 xJoh.
431 3505 495 3554 iii.
521 3504 568 3555 8.
628 3506 773 3554 Rom.
797 3506 887 3553 xvi.
917 3520 994 3553 2ο.
1196 3510 1218 3534 ⁰
1251 3505 1401 3570 Apoc-
1426 3503 1534 3553 xxii.
1560 3518 1635 3567 17,
1662 3521 1742 3554 20.
1798 3505 1948 3555 Bon.

206 3571 300 3621 viii.
320 3587 400 3631 22,
426 3588 504 3635 23.
606 3580 631 3613 ¹³
659 3587 679 3621 ι
701 3575 811 3621 Cor.
836 3587 911 3620 xv.
940 3573 1018 3621 28.
1118 3579 1142 3612 ‘³
1165 3572 1311 3621 Μαι,
1332 3570 1423 3620 xvi.
1445 3587 1523 3634 24.
1577 3571 1678 3621 Ίῖι.
1699 3570 1750 3621 ii.
1772 3588 1849 3630 ιι,
1870 3575 1946 3622 xa.

206 3646 227 3670 '
261 3639 382 3690 Luc.
404 3639 514 3688 xxii.
538 3655 620 3702 4²·
757 3648 772 3671 ⁸
803 3655 818 3687 ι
842 3641 952 3688 Cor.
980 3637 1054 3686 vii.
1083 3654 1161 3701 24.
1298 3643 1314 3672 ¹
1349 3636 1584 3689 Pateiii.
1610 3653 1690 3697 so,
1714 3655 1794 3699 21,
1813 3654 1898 3692 aa.
2021 3644 2029 3648 “

1656 3730 1691 3745 Ι
