2418 4172
436 322 545 377 204
932 327 938 352 ⁷
1035 320 1523 376 CONFESSIO

437 464 704 528 moniam
737 465 900 526 illam
932 486 1060 525 esse
1088 464 1640 557 compensationem
1671 463 1867 546 culpae
1894 462 1984 523 vel
2015 455 2187 523 aeter-¹

438 571 532 611 nae
566 548 772 610 mortis
816 549 907 607 vel
952 547 1296 641 purgatorii.
1385 546 1539 607 Haec
1576 556 1783 628 postea
1826 545 2188 607 affinxerunt

439 632 715 694 homines
745 630 990 692 indocti.
2174 641 2181 646 ·

520 714 640 776 Sed
684 725 908 776 veteres
952 713 1037 773 illi
1083 735 1277 774 mores
1317 724 1589 796 tempore
1633 722 2097 783 consenuerunt,
2123 719 2188 772 et

440 797 732 879 antiquati
762 809 920 858 sunt.
1005 795 1138 856 Nos
1171 796 1351 878 igitur
1379 818 1498 856 non
1528 816 1846 856 oneramus
1882 792 2191 854 conscien-

440 881 553 942 tias
582 879 1108 952 satisfactionibus,
1136 878 1237 939 sed
1270 878 1417 939 illud
1454 878 1761 951 docemus,
1791 876 2018 937 fructus

441 963 707 1025 nitentiae
737 961 1096 1023 necessarios
1125 983 1272 1035 esse,
1293 960 1722 1034 obedientiam,
1743 960 2022 1020 timorem
2114 956 2191 1032 ei,

443 1045 646 1120 fidem,
675 1044 1079 1117 dilectionem,
1106 1044 1464 1115 castitatem,
1496 1056 1557 1104 et
1588 1043 1924 1103 universam
1956 1041 2191 1103 novita-

441 1141 564 1191 tem
597 1127 839 1210 spiritus
868 1126 1086 1186 debere
1115 1125 1177 1185 in
1207 1126 1381 1185 nobis
1411 1147 1691 1187 crescere.

448 1263 452 1268 .
501 1210 855 1271 ¹Monemus
907 1220 970 1268 et
1017 1207 1187 1281 illud,
1235 1229 1397 1289 saepe
1445 1208 1644 1289 puniri
1702 1218 1944 1289 peccata
2004 1206 2188 1268 etiam

441 1292 872 1375 temporalibus
901 1289 1101 1373 poenis
1132 1291 1191 1349 in
1223 1289 1339 1350 hac
1373 1289 1512 1362 vita,
1545 1301 1610 1349 ut
1638 1288 1860 1362 David,
1890 1287 2193 1364 Manasse‘,

441 1388 502 1437 et
545 1375 644 1436 alii
690 1373 865 1435 multi
909 1371 1107 1468 puniti
1150 1383 1308 1433 sunt.
1394 1371 1478 1432 Et
1522 1372 1628 1432 has
1672 1393 1883 1454 poenas
1929 1369 2193 1453 mitigari

442 1458 731 1519 docemus
788 1457 962 1518 bonis
1020 1455 1321 1538 operibus,
1368 1468 1430 1516 et
1485 1455 1759 1516 universa
1814 1453 2196 1536 poenitentia,

442 1541 599 1603 sicut
639 1539 818 1602 docet
856 1539 1100 1612 Paulus,
1137 1539 1211 1600 Si
1252 1560 1363 1600 nos
1403 1539 1565 1619 ipsos
1586 1537 2034 1621 judicaremus,
2073 1557 2197 1598 nou

428 1624 856 1708 judicaremur
897 1643 938 1682 a
979 1621 1262 1682 Domino.
1346 1620 1432 1681 Et
1582 1620 1835 1681 nitentia
1874 1619 2093 1681 meruit
2125 1628 2196 1681 ut

445 1708 615 1770 Deus
642 1704 1000 1767 sententiam
1029 1704 1105 1765 de
1134 1703 1389 1765 delenda
1419 1643 1642 1764 Ninive
1672 1713 1950 1763 mutaret.
2181 1726 2185 1731 ·

447 1840 451 1844 .
512 1790 627 1863 Ita,
654 1811 793 1850 cum
827 1800 1003 1848 antea
1030 1786 1466 1870 disputationes
1487 1786 1563 1846 de
1584 1785 1945 1868 poenitentia
1971 1784 2196 1846 fuerint

446 1871 911 1944 inextricabiles,
966 1882 1029 1931 et
1099 1871 1297 1952 plenae
1364 1869 1753 1930 absurdarum
1821 1867 2197 1950 opinionum,

448 1978 608 2016 nunc
646 1964 964 2046 repurgata
1002 1952 1273 2013 doctrina
1311 1951 1395 2012 ita
1434 1950 1687 2011 traditur
1725 1950 1972 2033 populo,
2000 1962 2071 2017 ut
2105 1950 2198 2012 in·

447 2037 635 2120 telligi
697 2046 903 2119 possit,
953 2047 1015 2095 et
1070 2034 1260 2117 prosit
1310 2033 1383 2094 ad
1440 2033 1748 2116 pietatem.
1836 2032 2197 2095 Retinemus

446 2134 509 2183 et
561 2121 925 2181 illustramus
975 2139 1143 2177 veras
1195 2116 1569 2200 poenitentiae
1619 2127 1836 2199 partes,
1888 2115 2199 2178 contritio-

447 2226 611 2276 nem,
642 2201 847 2281 fidem,
869 2200 1329 2273 absolutionem,
1352 2198 1761 2260 remissionem
1794 2210 2200 2280 peccatorum,

445 2285 928 2350 emendationem
953 2283 1136 2345 totius
1157 2283 1314 2356 vitae,
1337 2282 1779 2365 mitigationem
1809 2282 2196 2365 praesentium

449 2390 790 2454 poenarum.

530 2452 623 2513 Ac
665 2471 972 2532 speramus
1017 2450 1204 2509 bonos
1242 2448 1398 2508 viros
1437 2449 1497 2509 in
1539 2448 1656 2509 hoc
1690 2449 1822 2510 loco
1850 2469 1969 2509 non
2000 2449 2196 2510 solum

451 2534 601 2596 nibil
646 2531 1099 2615 reprehendere,
1141 2530 1245 2591 sed
1292 2531 1475 2591 etiam
1523 2531 1774 2613 gratiam
1831 2531 2051 2592 babere
2105 2531 2198 2592 bis

450 2617 554 2700 qui
599 2625 999 2699 repurgarunt
1042 2614 1198 2675 banc
1240 2613 1525 2675 doctrinae
1555 2613 1914 2675 Christianoe
1944 2626 2200 2697 partem,

450 2721 632 2781 quam
677 2696 918 2781 prodest
962 2697 1021 2757 in
1065 2697 1330 2758 ecclesiis
1373 2709 1576 2758 extare
1618 2718 1800 2778 quam
1851 2696 2200 2779 planissime

450 2805 524 2844 ex
572 2782 808 2844 licatam
844 2792 903 2841 at
948 2801 1022 2840 ue
1051 2779 1430 2841 illustratam.
1516 2780 1793 2841 Christus
1822 2779 2201 2861 inquit,An·

446 2805 619 2949 gezzo
645 2866 711 2926 in
741 2862 888 2925 coelo
982 2864 1128 2937 tari,
1150 2885 1283 2924 cum
1310 2863 1517 2925 vident
1544 2863 1900 2945 resipiscere
1919 2872 2202 2944 peccato-

451 2972 598 3011 rem.
682 2947 899 3028 Itaque
927 2947 1300 3028 gratulantur
1327 2947 1590 3009 ecclesioe
1619 2959 1682 3008 et
1710 2946 1821 3030 ipsi
1853 2946 2048 3030 angeli
2089 2967 2202 3031 pu·

443 3055 578 3095 ram
592 3088 594 3090 ,
610 3030 686 3093 de
714 3028 1075 3115 poenitentia
1100 3029 1452 3092 doctrinam.

494 3335 599 3396 De
630 3332 1008 3395 Discrimine
1042 3333 1331 3396 ciborum
1360 3341 1421 3395 ee
1445 3331 1746 3395 similibus
1781 3292 2149 3394 nasso-3-

1093 3418 1201 3480 bus·
1220 3413 1571 3501 pontificiis.

450 3510 570 3589 IN
618 3531 730 3591 hac
772 3534 1057 3615 coquorali
1105 3535 1226 3596 vita
1269 3556 1421 3617 opus
1471 3546 1561 3595 est
1596 3528 2042 3602 traditionibus,
2083 3528 2197 3590 hoc

452 3624 564 3683 est,
592 3612 859 3674 locorum
901 3638 970 3677 ac
1008 3627 1351 3698 temporum
1392 3613 1852 3686 discriminibus,
1881 3623 1946 3674 ut
1988 3609 2196 3675 ondine
