2418 4172
532 368 641 422 282
1159 366 1648 423 coNFEsslo

531 509 837 570 intueatur
867 519 1120 569 mortem
1162 520 1224 569 et
1253 508 1535 570 meritum
1567 508 1707 571 Filii
1732 507 1874 585 Dei,
1898 522 1963 573 et
1989 532 2280 575 resurrec-

531 591 758 654 tionem
790 590 937 671 ejus.
1022 591 1107 652 Et
1148 603 1371 652 statuat
1412 604 1658 674 propter
1686 590 1887 673 ipsum
1926 594 2100 656 nobis
2134 617 2280 679 pee-

531 687 664 737 cata
693 675 937 747 remitti,
958 686 1018 735 et
1035 674 1187 735 velle
1215 696 1356 735 eum
1390 674 1547 735 hanc
1576 673 1757 735 fldem
1793 674 1905 736 hac
1930 697 2280 740 commone-

529 757 790 818 factione
819 771 879 817 et
903 757 1322 818 testificatione
1346 757 1704 817 confirmari.
1775 757 1933 818 Cum
1959 758 2075 820 boc
2097 758 2279 822 modo

532 839 699 913 fides,
725 840 1075 914 consolati0,
1104 839 1391 922 gaudium
1432 840 1815 901 conscientiae
1854 853 1915 901 et
1952 841 2276 921 gratiarum

530 923 689 984 actio
729 935 1021 995 crescunt,
1050 921 1292 1005 prodest
1334 923 1618 1005 sumptio.
1702 922 1838 983 Nec
1880 923 2283 986 admittuntur

530 1005 637 1067 ulli
669 1004 744 1066 ad
774 1005 1288 1078 communionem,
1316 1005 1428 1066 nisi
1477 1006 1640 1086 prius
1682 1028 1714 1066 a
1797 1018 1989 1067 astore
2027 1018 2131 1068 aut
2157 1005 2281 1069 col·

528 1087 678 1170 legis
714 1086 843 1166 ejus
883 1086 1070 1147 auditi
1101 1098 1260 1160 sunt,
1286 1098 1349 1148 et
1377 1087 1654 1148 absoluti.
1775 1110 1812 1148 n
1853 1089 1965 1150 bac
2003 1089 2280 1172 explora-

527 1170 693 1231 tione
723 1169 1184 1249 interrogantur‚
1211 1180 1272 1228 et
1310 1190 1473 1251 saepe
1509 1169 1864 1231 erudiuntur
1899 1169 2166 1233 rudiores
2201 1170 2279 1233 de

528 1264 656 1312 tota
683 1250 979 1311 doctrina:
1010 1262 1072 1310 et
1098 1249 1317 1311 deinde
1346 1250 1645 1311 absolutio
1674 1252 2107 1333 promulgatur.
2144 1253 2280 1316 Do-

528 1344 739 1395 centur
767 1332 947 1393 etiam
989 1332 1285 1406 homines,
1314 1344 1686 1395 sacramenta
1722 1355 1852 1394 esse
1886 1333 2152 1397 actiones
2186 1335 2281 1399 di·

526 1416 751 1477 vinitus
781 1415 1105 1489 institutas,
1125 1427 1188 1475 et
1215 1427 1384 1477 extra
1415 1437 1591 1476 usum
1623 1415 1966 1478 institutum
1999 1438 2090 1479 res
2118 1417 2278 1500 ipsas

527 1521 648 1560 non
694 1499 914 1559 habere
951 1498 1245 1559 rationem
1293 1499 1669 1572 sacramenti,
1697 1498 1800 1559 sed
1846 1499 1909 1560 in
1951 1521 2064 1561 usu
2108 1499 2280 1563 insti-

526 1593 661 1643 tuto
717 1581 779 1642 in
840 1581 954 1642 hac
1012 1582 1444 1643 communione
1500 1603 1636 1642 vere
1692 1593 1754 1643 et
1809 1582 2281 1649 substantialiter

526 1664 731 1727 adesse
760 1664 1095 1739 Christum,
1136 1676 1198 1725 et
1234 1686 1371 1725 vere
1413 1663 1682 1725 exhiberi
1727 1665 2104 1728 sumentibus
2147 1688 2280 1728 corb

525 1769 641 1831 pus
683 1758 747 1808 et
790 1747 1143 1828 sanguinem
1190 1747 1454 1808 Christi:
1503 1746 1814 1808 Christum
1859 1748 2063 1809 testari
2111 1747 2276 1830 quod

527 1830 606 1892 sit
644 1829 703 1891 in
744 1829 849 1903 eis,
877 1840 941 1889 et
980 1827 1161 1890 faciat
1193 1851 1301 1905 ¹eos
1343 1829 1459 1890 sibi
1502 1830 1795 1899 membra,
1824 1842 1887 1892 et
1913 1829 2076 1911 quod
2106 1831 2277 1894 ablu·

526 1913 639 1974 erit
694 1935 794 1973 eos
850 1911 1145 1994 sanguine
1202 1934 1331 1985 suo,
1380 1912 1537 1973 sicut
1592 1923 1655 1972 et
1709 1912 1984 1975 Hilarius
2039 1913 2275 1995 inquitt

525 2005 561 2032 “
590 1994 748 2057 Haec
804 2006 1051 2076 accepta
1098 2004 1162 2055 et
1210 1994 1424 2055 hausta
1480 1993 1769 2068 efficiunt,
1817 2005 1889 2056 ut
1934 2005 1999 2056 et
2043 2017 2155 2058 nos
2208 1997 2275 2059 in

526 2087 561 2115 “
593 2078 856 2150 Christo,
885 2089 946 2137 et
974 2076 1251 2138 Christus
1282 2076 1343 2136 in
1372 2075 1548 2136 nobis
1577 2074 1707 2137 sit.”

609 2162 685 2222 In
743 2160 876 2242 ipso
925 2171 1128 2220 autem
1181 2159 1300 2219 ritu
1351 2180 1654 2221 servamus
1704 2180 1932 2220 morem
1983 2159 2277 2224 usitatum

525 2245 814 2305 universae
853 2242 1146 2303 Ecclesiae
1174 2242 1408 2315 veteris,
1436 2241 1673 2303 Latinae
1707 2254 1770 2303 et
1798 2241 2044 2305 Graecoe.
2128 2242 2276 2306 Non

526 2328 682 2387 fiunt
722 2325 972 2408 privatoe
1011 2325 1229 2399 missae,
1269 2326 1386 2386 boc
1430 2337 1542 2399 est,
1577 2326 1727 2386 tales
1774 2325 1837 2386 in
1886 2325 2108 2406 quibus
2148 2348 2274 2389 non

526 2412 632 2471 fiat
674 2408 1018 2469 distributio
1057 2408 1321 2490 corporis
1363 2419 1425 2468 et
1467 2407 1774 2489 sanguinis
1810 2407 2072 2470 Christi:
2117 2409 2276 2471 sicut

527 2515 637 2552 nec
679 2505 850 2552 vetus
899 2491 1174 2552 Ecclesia
1222 2490 1453 2571 aliquot
1500 2490 1714 2551 seculis
1770 2501 1907 2572 post
1955 2491 2275 2573 apostolos,

524 2574 674 2635 tales
722 2574 931 2634 missas
978 2573 1222 2634 habuit:
1266 2588 1335 2634 ut
1371 2571 1805 2654 descriptiones
1838 2584 2065 2634 veteres
2111 2573 2272 2656 apud

525 2656 918 2739 Dionysium,
946 2655 1385 2738 Epiphanium,
1405 2655 1820 2730 Ambrosium,
1840 2656 2272 2738 Augustinum‚

525 2752 587 2800 et
615 2738 773 2822 apud
817 2738 963 2799 alios
990 2736 1334 2799 ostendunt.
1418 2738 1501 2799 Et
1533 2738 1750 2799 Paulus
1777 2760 2057 2821 expresse
2073 2738 2273 2820 jubet,

525 2823 702 2884 simul
735 2822 863 2883 fieri
894 2821 1224 2883 multorum
1255 2820 1769 2883 communionem.

611 2905 825 2986 Itaque
866 2904 929 2965 in
972 2903 1216 2988 publica
1253 2916 1315 2964 et
1353 2903 1602 2965 honesta
1634 2903 2096 2986 congregatione
2124 2904 2274 2967 reci·

526 3000 728 3050 tantur
773 2999 878 3048 aut
918 2998 1216 3050 canuntur
1258 2986 1650 3069 precationes,
1693 2999 1756 3048 et
1798 2987 2167 3070 symbolum,
2209 2998 2274 3051 et

525 3072 812 3134 lectiones
839 3091 980 3132 cum
1010 3070 1191 3132 sacris
1230 3070 1478 3131 canticis
1515 3069 1852 3131 distributoe
1894 3070 1953 3131 in
1992 3069 2120 3132 dies
2157 3068 2273 3132 fes-

526 3168 637 3230 tos,
668 3154 888 3216 usitato
932 3175 1115 3215 more.
1199 3152 1440 3216 Deinde
1487 3156 1554 3215 fit
1590 3153 1804 3214 concio
1839 3152 1917 3214 de
1961 3152 2269 3217 beneficii·

526 3237 663 3299 Filii
693 3236 833 3309 Dei,
863 3247 924 3298 et
951 3236 1026 3298 de
1056 3236 1255 3318 aliqua
1284 3235 1566 3298 doctrinae
1677 3248 1782 3310 rte,
1811 3247 1879 3298 ut
1906 3236 2087 3307 series
2115 3247 2267 3300 tem·

523 3343 739 3403 porum
779 3321 1004 3404 praebet
1047 3331 1490 3402 argumentum.
1625 3333 1790 3382 ostea
1824 3319 2032 3383 recitat
2067 3326 2268 3412 pastor

595 3404 847 3465 atiarum
908 3403 1225 3474 actionem,
1272 3415 1333 3464 et
1382 3402 1787 3486 precationem
1838 3424 1948 3484 pro
1996 3419 2265 3464 universa
2362 3461 2370 3469 ,

524 3426 818 3561 ἓωΙρεὶει,
848 3509 956 3569 pro
1082 3485 1415 3560 testatibus,
1443 3498 1502 3547 et
1544 3508 1654 3568 pro
1697 3482 1970 3568 praesenti
2012 3480 2267 3544 necessi-

528 3581 679 3627 tate:
724 3582 785 3629 et
814 3583 943 3630 orat
1036 3592 1200 3642 eurn,
1229 3580 1296 3630 ut
1326 3581 1568 3651 propter
1590 3568 1835 3638 Filium,
1862 3585 2042 3646 quem
2074 3563 2265 3627 voluit

529 3650 652 3710 fieri
684 3652 989 3713 victimam
1037 3673 1144 3733 pro
1182 3652 1374 3723 nobis,
1406 3650 1669 3711 remittat
1705 3646 1876 3710 nobis
1909 3659 2174 3729 peccata,
2202 3659 2265 3709 et
2330 3694 2350 3714 .
