2418 4172
439 318 546 372 162
1063 316 1557 369 PRAEFATIO.

443 460 573 521 aliis
616 458 868 520 statibus
912 458 1167 540 imperii,
1195 458 1375 518 etiam
1424 457 1523 518 hic
1564 459 1855 539 Augustae
1900 459 2014 518 sub
2057 458 2189 540 ipsa

444 543 615 604 initia
645 542 858 603 horum
890 541 1270 602 comitiorum
1303 541 1457 601 inter
1491 551 1702 600 caetera
1784 540 1994 622 roponi
2033 539 2190 601 fece-

444 626 539 701 rit,
563 623 723 707 quod
754 624 970 707 singuli
998 636 1186 685 status
1212 623 1467 706 imperii,
1489 623 1691 705 vigore
1768 622 1968 683 aesarei
1988 621 2191 695 edicti,

447 730 619 770 suam
650 707 999 790 opinionem
1030 718 1090 767 et
1119 706 1475 766 sententiam
1511 706 1570 766 in
1604 704 1964 767 Germanica
1992 704 2193 766 etLa-

444 791 572 852 tina
628 789 834 871 lingua
890 811 1222 872 proponere
1280 789 1539 849 debeant
1596 800 1776 868 atque
1829 787 2073 847 offerre:
2131 797 2194 847 et

446 872 653 933 habita
693 871 1121 933 deliberatione
1210 871 1441 932 roxima
1490 871 1635 931 feria
1686 882 1914 951 quarta,
1956 890 2192 930 rursum

447 977 799 1038 responsum
830 967 922 1014 est
948 954 1024 1015 V.
1055 953 1127 1014 C.
1159 894 1251 1014 ssl.
1284 976 1391 1014 nos
1420 956 1697 1037 proxima
1725 953 1871 1014 feria
1900 963 2069 1013 sexta
2104 974 2195 1012 ar-

446 1038 662 1099 ticulos
692 1048 908 1097 nostrae
937 1036 1327 1097 confessionis
1350 1058 1458 1118 pro
1478 1047 1680 1097 nostra
1701 1047 1869 1118 parte
1889 1036 2194 1096 oblaturos

448 1142 614 1181 esse:
673 1119 807 1179 ideo
857 1131 925 1179 ut
968 1118 1043 1178 V.
1089 1117 1182 1179 M.
1231 1118 1526 1179 voluntati
1584 1119 2008 1198 obsequamur,
2053 1116 2197 1178 offe-

447 1203 637 1264 rimus
668 1202 727 1261 in
762 1201 874 1261 hac
905 1199 1207 1282 religionis
1237 1222 1415 1261 causa
1444 1212 1783 1261 nostrorum
1816 1200 2197 1261 concionato-

448 1307 603 1358 rum,
631 1295 693 1344 et
720 1295 984 1343 nostram
1015 1281 1474 1356 confessionem,
1494 1281 1831 1361 cujusmodi
1859 1281 2192 1343 doctrinam

447 1389 526 1428 ex
572 1366 878 1448 scripturis
929 1365 1168 1439 sanctis,
1210 1376 1272 1424 et
1312 1386 1463 1447 puro
1505 1365 1689 1424 verbo
1726 1363 1867 1439 Dei,
1905 1363 2197 1427 hactenus

448 1449 532 1510 illi
567 1448 627 1508 in
659 1448 875 1508 nostris
904 1447 1095 1522 terris,
1115 1446 1454 1521 ducatibus,
1475 1446 1826 1523 ditionibus,
1846 1458 1909 1508 et
1930 1446 2199 1522 urbibus,

448 1530 821 1604 tradiderint,
853 1553 923 1592 ac
951 1531 1014 1592 in
1045 1530 1311 1592 ecclesiis
1342 1530 1743 1592 tractaverint.

534 1613 714 1683 Quod
765 1613 814 1674 si
871 1613 1089 1687 caeteri,
1139 1613 1444 1686 electores,
1500 1613 1691 1696 princi
1803 1659 1822 1687 ,
1878 1635 1949 1675 ac
2006 1623 2199 1675 status

450 1697 709 1792 imperii,
738 1695 1035 1757 similibus
1073 1695 1308 1779 scriptis
1335 1695 1571 1758 Latinis
1600 1635 1831 1757 scilliggt
1857 1707 1919 1757 et
1947 1695 2201 1757 Germa-

450 1780 622 1853 nicis,
667 1780 846 1860 juxta
900 1777 1252 1862 praedictam
1309 1778 1650 1840 Caesaream
1705 1778 2201 1873 propositionem,

450 1885 587 1924 suas
625 1861 938 1945 opiniones
982 1861 1045 1921 in
1090 1861 1204 1923 bae
1245 1883 1424 1924 causa
1458 1861 1761 1944 religionis
1789 1860 2202 1944 produxerint,

453 1945 555 2007 hic
597 1966 705 2005 nos
748 1965 948 2006 coram
993 1944 1068 2005 V.
1099 1943 1170 2005 C.
1206 1943 1299 2006 M.
1344 1956 1634 2026 tanquam
1678 1944 1953 2006 Domino
1994 1955 2203 2006 nostro

451 2026 922 2090 clementissimo
964 2038 1202 2110 paratos
1243 2026 1564 2102 offerimus,
1597 2048 1708 2087 nos
1750 2048 1893 2088 cum
1934 2026 2203 2110 praefstis

451 2110 824 2204 principibus
854 2120 917 2170 et
945 2108 1154 2171 amicis
1183 2109 1421 2184 nostris,
1450 2108 1526 2170 de
1554 2109 1967 2171 tolerabilibus
2007 2108 2203 2171 modis

453 2216 524 2255 ac
579 2192 690 2254 viis
739 2191 931 2254 amice
977 2191 1263 2267 conferre,
1311 2203 1381 2253 ut
1428 2203 1724 2274 quantum
1773 2192 2026 2255 honeste
2073 2192 2204 2254 fieri

452 2286 672 2359 potest,
701 2275 1149 2350 conveniamus,
1177 2286 1239 2336 et
1275 2298 1339 2336 re
1377 2275 1532 2336 inter
1568 2298 1678 2337 nos
1715 2286 1779 2336 et
1859 2286 2014 2339 artes
2055 2275 2206 2338 citra

454 2358 725 2420 odiosam
767 2358 1236 2429 contentionem,
1263 2358 1513 2440 pacifice
1555 2358 1797 2440 agitata,
1889 2380 1964 2420 eo
2001 2356 2206 2432 dante,

455 2441 747 2503 dissensio
789 2440 1122 2514 dirimatur,
1149 2452 1211 2502 et
1253 2440 1328 2502 ad
1371 2462 1555 2501 unam
1597 2462 1798 2503 veram
1843 2439 2203 2503 concordem

456 2523 808 2606 religionem
837 2522 1174 2599 reducatur,
1202 2523 1358 2585 sicut
1398 2545 1610 2584 omnes
1652 2524 1766 2586 sub
1806 2545 1931 2585 uno
1958 2522 2206 2586 Christo

458 2627 666 2669 sumus
695 2617 759 2667 et
787 2605 1137 2681 militamus,
1165 2617 1227 2667 et
1255 2627 1445 2667 unum
1471 2606 1783 2668 Christum
1808 2605 2080 2668 confiteri
2100 2605 2207 2668 de-

457 2689 692 2764 bemus,
714 2687 896 2769 juxta
934 2701 1202 2750 tenorem
1241 2689 1420 2751 edicti
1451 2688 1528 2750 V.
1556 2689 1628 2751 C.
1657 2689 1752 2751 M.
1782 2701 1844 2751 et
1879 2689 2088 2751 omnia
2126 2688 2204 2753 ed

458 2771 770 2834 veritatem
814 2770 935 2833 Dei
978 2770 1404 2866 perducantur,
1447 2771 1507 2834 id
1558 2772 1720 2855 quod
1772 2771 2207 2836 ardentissimis

459 2854 613 2917 votis
640 2878 677 2916 a
701 2853 843 2917 Deo
870 2865 1153 2938 petimus.

544 2938 609 2998 Si
641 2948 864 3012 autem,
892 2936 1055 3019 quod
1086 2936 1159 2998 ad
1189 2948 1436 2998 caeteros
1465 2938 1769 3014 electores,
1796 2938 2117 3023 principes,
2142 2950 2209 3002 et

462 3031 669 3096 status,
724 3032 795 3082 ut
851 3031 1084 3115 partem
1143 3020 1388 3081 alteram
1448 3021 1680 3093 attinet,
1740 3022 1874 3084 haec
1929 3020 2207 3084 tractatio

462 3125 656 3166 causae
697 3102 802 3164 reli
870 3102 1022 3177 onis,
1049 3124 1121 3165 eo
1166 3102 1367 3177 modo,
1397 3125 1519 3198 quo
1556 3105 1633 3166 V.
1668 3104 1738 3166 C.
1779 3104 1873 3167 M.
1911 3102 2204 3188 agendam

462 3197 525 3247 et
558 3124 929 3249 tractanfam
962 3185 1261 3269 sapienter
1287 3185 1481 3261 duxit,
1510 3187 1736 3251 scilicet
1765 3209 1907 3250 cum
1937 3186 2041 3250 tali
2070 3205 2206 3249 mu·

463 3280 568 3330 tua
609 3268 1071 3353 praesentatione
1114 3268 1494 3353 scriptorum,
1536 3294 1605 3333 ac
1643 3270 1847 3334 sedata
1885 3267 2205 3333 collatione

465 3352 621 3412 inter
667 3375 796 3429 nos,
822 3374 944 3415 non
993 3353 1365 3436 processerit,
1403 3376 1514 3417 nec
1560 3354 1764 3437 aliquo
1804 3353 2002 3415 fructu
2045 3347 2204 3411 facta

466 3432 663 3510 fuerit,
695 3458 804 3497 nos
848 3435 1092 3518 quidem
1136 3447 1423 3499 testatum
1466 3437 1623 3499 clare
1664 3436 1769 3499 reli
1856 3433 2075 3507 uimus,
2104 3431 2203 3494 hic

468 3515 618 3575 nihil
665 3540 790 3593 nos,
831 3518 992 3600 quod
1036 3518 1108 3580 ad
1153 3518 1559 3581 Christianam
1609 3540 1797 3581 conco
1868 3515 1984 3577 iam
2037 3517 2204 3609 (quas

469 3618 608 3658 cum
640 3599 777 3660 Deo
810 3614 871 3661 et
907 3603 1065 3662 bona
1094 3601 1457 3663 conscientia
1484 3602 1611 3662 fleri
1642 3598 1854 3682 possit)
1884 3597 2205 3659 concilian-

2355 4019 2387 4172 *W*
