2418 4172
623 345 1177 401 AUGUSTANA
1230 346 1486 400 MDXL.
1820 351 1925 406 175

184 484 396 548 mereri
439 485 849 549 remissionem
895 500 1300 572 peccatorum,
1327 508 1457 548 esse
1497 486 1928 551 satisfactiones

181 588 295 652 pro
320 568 604 650 peccatis,
633 572 743 632 διο.
828 570 1183 651 Cujusmodi
1212 570 1376 631 falsae
1405 569 1814 652 persuasiones
1853 573 1930 633 de

183 648 357 724 votis,
384 650 461 711 de
503 653 679 714 certis
711 652 979 733 jejuniis,
1007 656 1119 715 8ιο.
1157 653 1220 713 in
1261 651 1514 713 ecclesia
1555 652 1632 712 ab
1673 651 1930 715 indoctis

184 753 405 816 sparsas
433 745 593 795 sunt.

977 872 1154 935 XVI.

184 958 337 1040 DE
372 974 548 1036 rebus
592 974 866 1036 civilibus
909 975 1148 1051 docent,
1177 976 1339 1057 quod
1384 977 1437 1038 le
1485 976 1668 1039 'timoe
1698 978 1934 1041 ordina-

183 1059 376 1121 tiones
419 1057 624 1119 civiles
669 1059 793 1119 sint
831 1059 989 1120 bona
1030 1082 1211 1143 opera
1254 1072 1315 1122 et
1357 999 1761 1123 orfi'nationes
1791 1063 1933 1135 Dei,

184 1142 341 1204 sicut
385 1140 604 1202 Paulus
654 1152 939 1203 testatur:
993 1143 1144 1208 Quae
1171 1152 1315 1204 sunt
1334 1152 1689 1225 potestate-5,
1720 1167 1759 1206 a
1792 1147 1934 1206 Deo

184 1223 476 1288 ordinata
501 1232 662 1285 sunt.
747 1224 991 1286 Docent
1030 1226 1230 1306 igitur,
1260 1227 1421 1307 quod
1459 1227 1817 1288 Christianis
1863 1230 1935 1289 li-

185 1318 321 1371 ceat
367 1306 748 1388 magistratus
795 1330 1017 1390 gerere,
1062 1331 1336 1370 exercere
1373 1309 1622 1389 judicia,
1661 1310 1936 1390 judicare

186 1412 279 1452 res
310 1411 386 1450 ex
422 1389 818 1472 imperatoriis
847 1403 909 1451 et
937 1392 1066 1451 aliis
1094 1392 1487 1475 praesentibus
1516 1393 1767 1486 legibus,
1793 1417 1938 1477 sup-

186 1471 369 1557 plicia
404 1470 543 1552 jure
593 1474 972 1547 constituere,
1003 1474 1142 1553 jure
1194 1475 1432 1546 bellare,
1477 1476 1755 1550 militare,
1798 1478 1932 1559 lege

186 1554 555 1627 conti-ahere,
583 1566 785 1616 tenere
812 1556 1144 1638 proprium,
1164 1555 1588 1637 jusjurandum
1625 1561 1936 1640 postulan-

186 1637 351 1699 tibus
389 1637 837 1717 magistratibus
865 1638 1023 1712 dare,
1050 1640 1401 1699 contrahere
1434 1640 1703 1720 legitima
1730 1641 1936 1721 conju-

187 1718 305 1803 gia,
332 1729 486 1779 artes
516 1719 793 1800 probatas
822 1718 1056 1801 legibus
1085 1741 1377 1781 exercere.

268 1800 588 1864 Damnant
613 1801 1061 1895 Anabaptistas‚
1092 1802 1196 1884 qui
1226 1801 1595 1863 interdicunt
1630 1803 1758 1865 haec
1794 1804 1937 1866 civi-

186 1883 268 1947 lia
293 1881 491 1945 officia
518 1883 894 1945 Christianis.

270 1965 590 2028 Damnant
627 1977 689 2027 et
725 1967 876 2038 illos,
906 1968 1009 2049 qui
1051 1968 1459 2049 evangelicam
1503 1969 1935 2051 perfectionem

189 2048 559 2111 collocarunt
606 2049 667 2110 in
711 2049 1046 2110 desertione
1088 2050 1356 2112 civilium
1401 2050 1755 2127 officiorum,
1796 2075 1934 2114 cum

190 2131 533 2214 evangelica
569 2131 857 2215 perfectio
885 2132 962 2193 sit
995 2132 1335 2216 spiritualis,
1364 2134 1482 2194 hoc
1515 2146 1625 2209 est,
1653 2137 1939 2197 consistat

191 2214 255 2276 in
306 2214 573 2276 motibus
618 2214 831 2290 condis,
873 2215 933 2276 in
980 2216 1197 2277 timore
1238 2215 1379 2291 Dei,
1422 2216 1558 2290 fide,
1596 2217 1939 2293 dilectione,

190 2295 550 2359 obedientia.
633 2296 1035 2380 Evangelium
1072 2299 1234 2359 enim
1276 2299 1662 2362 concionatur
1688 2300 1764 2361 de
1793 2324 1941 2383 qua-

190 2378 332 2442 dam
376 2390 598 2441 oeterna
628 2379 867 2460 justitia
899 2380 1113 2456 cordis,
1145 2404 1258 2442 nec
1286 2383 1487 2443 abolet
1515 2383 1753 2444 interim
1785 2384 1939 2467 poli-

192 2462 341 2526 tiam
386 2474 492 2524 aut
527 2464 952 2539 oeconomiam,
981 2463 1084 2525 sed
1129 2464 1395 2525 maxime
1435 2467 1703 2548 postulat
1739 2488 1838 2527 eas
1873 2467 1938 2527 in

194 2545 309 2608 hac
347 2544 471 2608 vita
506 2546 796 2629 corporali
833 2547 1186 2622 conservari,
1214 2558 1505 2630 tanquam
1534 2548 1940 2610 ordinationes

194 2627 337 2702 Dei,
378 2638 442 2690 et
484 2628 548 2690 in
596 2628 815 2691 talibus
857 2630 1332 2692 ordinationibus
1374 2653 1650 2693 exercere
1686 2632 1940 2693 charita-

196 2721 342 2772 tem.
426 2710 643 2793 Itaque
684 2712 1011 2774 Christiani
1056 2714 1388 2775 necessario
1428 2714 1651 2776 debent
1699 2715 1940 2776 obedire

386 2794 588 2854 utibus
629 2795 1077 2877 magistratibus
1121 2819 1191 2858 ac
1231 2797 1486 2879 legibus,
1515 2798 1629 2857 nisi
1667 2820 1805 2858 cum
1837 2798 1940 2876 ju-

197 2813 384 2936 m
568 2898 650 2950 re,
684 2877 852 2940 Tunc
879 2881 1036 2941 enim
1063 2881 1263 2963 magis
1292 2881 1508 2941 debent
1535 2880 1776 2942 obedire
1801 2880 1940 2954 Deo

200 2978 385 3041 quam
411 2957 763 3035 hominibus,
788 2961 1080 3023 Actorum
1113 2964 1189 3024 iv.

206 3179 443 3263 ITEM
474 3200 711 3276 docent,
731 3205 894 3286 quod
923 3102 1203 3267 Clirxissltiis
1234 3206 1543 3288 apparebit
1573 3206 1634 3266 in
1662 3228 1943 3268 consum-

201 3283 468 3346 matione
510 3284 721 3345 mundi
763 3285 840 3347 ad
872 3287 1294 3367 judicandum,
1323 3299 1386 3348 et
1426 3300 1695 3348 mortuos
1732 3310 1941 3351 omnes

200 3367 597 3441 resuscitabit,
625 3379 687 3428 et
716 3368 1061 3431 hominibus
1091 3370 1206 3453 piis
1233 3369 1403 3431 dabit
1438 3370 1623 3431 vitam
1660 3381 1942 3434 aeternam

201 3460 264 3512 et
300 3449 519 3532 gaudia
555 3462 861 3534 perpetua.
933 3451 1166 3535 lmpios
1193 3464 1392 3513 autem
1425 3451 1701 3515 homines
1728 3466 1789 3516 et
1819 3455 1946 3517 dia'··

202 3532 374 3595 bolos
399 3532 846 3606 condemnabit,
874 3545 945 3596 ut
970 3533 1098 3596 sine
1126 3535 1249 3595 fine
1275 3535 1634 3598 crucientur.

283 3614 672 3680 Damnamus
687 3617 1140 3701 Anabaptistas‚
1157 3618 1262 3699 qui
1283 3639 1450 3680 nunc
1464 3618 1755 3682 Judaicas
1775 3618 1947 3703 opin-
2015 3686 2024 3690 ,

1680 3775 1714 3788 l
