2418 4172
449 343 561 398 850
1092 344 1578 400 CONFESSIO

451 494 741 546 aeternam
773 485 1060 566 consequi
1088 485 1314 567 cupiat,
1340 485 1558 547 debere
1586 487 1767 548 unico
1796 487 2097 570 baptismo
2114 486 2201 565 (id

446 577 544 628 est
586 567 773 629 semel
814 571 1081 649 tantum)
1123 568 1437 651 baptizari,
1482 569 1587 649 qui
1634 590 1946 650 nunquam
1985 581 2203 652 >postea

446 648 529 710 sit
563 649 885 723 iterandus,
958 673 1105 711 uum
1150 673 1226 711 ne
1270 651 1430 712 nasci
1474 650 1717 732 quidem
1750 652 1843 711 bis
1880 651 2201 735 possimus.

447 730 515 792 N
595 754 671 794 ue
700 672 1037 794 tamenciiic
1067 733 1402 815 baptismus
1445 756 1518 794 eo
1555 733 1853 795 duntaxat
1889 735 2202 795 momento

446 836 490 896 p
600 825 714 891 est,
741 837 864 897 quo
893 838 1049 897 aqua
1078 816 1252 876 nobis
1282 815 1518 890 insidet,
1546 838 1743 896 quove
1781 839 1852 877 ea
1892 816 2203 899 tingimur,

445 896 553 958 sed
598 919 705 980 per
747 909 944 959 totum
989 899 1131 960 vitae
1175 910 1391 960 nostrae
1431 911 1692 982 tempus.
1776 898 2204 983 Anabaptistaa

447 1000 582 1041 rum
628 980 834 1060 itaque
875 1002 1132 1058 errorem
1176 980 1276 1042 hic
1311 981 1699 1056 detestamur,
1727 982 1830 1062 qui
1862 1003 1984 1042 non
2016 980 2201 1043 modo

447 1062 649 1136 unico,
699 1073 762 1123 et
816 1063 1001 1123 semel
1060 1074 1340 1146 suscepto
1399 1064 1700 1146 baptismo
1755 1065 2022 1126 contenti
2077 1085 2200 1125 non

444 1156 623 1205 sunt:
668 1143 771 1205 sed
801 1155 863 1204 et
893 1144 1264 1226 baptismum
1298 1145 1619 1207 infantium
1647 1167 1683 1207 e
1710 1146 1992 1208 fidelibus
2028 1158 2202 1209 nato-

445 1248 579 1287 rum
621 1225 930 1287 damnant.
1013 1226 1147 1287 Nos
1176 1248 1316 1287 vero
1357 1249 1459 1287 eos
1497 1227 1707 1288 eadem
1743 1228 1975 1290 ratione
1996 1228 2200 1312 bapti-

447 1308 691 1380 zandos,
720 1320 780 1368 et
816 1308 987 1390 signo
1016 1308 1260 1370 foederis
1288 1309 1694 1391 obsignandos
1722 1332 1853 1371 esse
1879 1310 2200 1386 aodimus,

445 1412 566 1471 qua
594 1391 739 1451 olim
772 1390 835 1452 in
864 1391 1086 1452 lsraele
1126 1392 1358 1475 parvuli
1388 1392 1991 1468 circumcidebantur,
2017 1393 2200 1454 nimi-

445 1494 577 1534 rum
610 1495 719 1556 pro
763 1485 855 1535 ter
881 1473 1121 1535 easdem
1164 1475 1591 1558 promissiones
1621 1475 1951 1537 infantibus
1980 1475 2198 1538 nostris

443 1556 650 1618 factas.
792 1567 819 1617 t
867 1578 1069 1618 revera
1098 1557 1377 1619 Christus
1422 1581 1544 1619 non
1595 1559 1795 1620 minus
1839 1559 2197 1641 sanguinem

443 1660 620 1699 suum
659 1638 871 1701 effudit
908 1651 978 1700 ut
1020 1639 1288 1701 fidelium
1335 1641 1613 1715 infantes,
1642 1663 1824 1723 quam
1855 1653 1924 1702 ut
1959 1641 2196 1703 adultos

443 1722 729 1782 ablueret.
817 1722 1085 1804 Ideoque
1134 1723 1397 1803 signum,
1440 1746 1543 1784 seu
1594 1735 2035 1785 sacramentum
2089 1723 2195 1795 rei,

442 1826 628 1885 quam
657 1803 935 1866 Christus
966 1827 1173 1866 eorum
1213 1827 1389 1866 causa
1429 1818 1519 1867 est
1558 1818 1857 1889 operatus,
1883 1806 2017 1868 illos
2046 1807 2197 1869 reci-

444 1908 584 1969 pere
633 1887 951 1948 convenit:
1009 1887 1526 1969 quemadmodum
1570 1889 1632 1949 in
1680 1889 1812 1982 lege
1839 1889 2021 1969 jubet
2059 1890 2197 1952 Do-

444 1969 646 2031 minus
703 1982 1146 2031 sacramentum
1212 1971 1421 2031 mortis
1488 1983 1551 2031 et
1613 1972 1908 2053 passionis
1963 1971 2194 2035 Christi

442 2052 873 2114 communicari
904 2052 1104 2135 pueris
1133 2074 1339 2113 recens
1378 2053 1553 2125 natis,
1579 2052 1883 2114 offerendo
1910 2075 2022 2136 pro
2048 2054 2194 2137 ipsis

443 2156 687 2216 agnum,
714 2135 817 2216 qui
850 2146 1294 2197 sacramentum
1324 2147 1451 2197 erat
1478 2135 1704 2197 Christi
1739 2137 1992 2198 venturi.
2181 2161 2186 2169 ·

441 2228 602 2279 terea
644 2217 806 2300 quod
851 2218 1230 2279 circumcisio
1271 2220 1594 2302 praestabat
1642 2219 1872 2313 populo
1912 2220 1955 2281 J
1961 2219 2196 2296 udaico,

442 2300 601 2362 idem
646 2301 846 2384 pueris
891 2301 1163 2363 fidelium
1213 2314 1455 2385 praestat
1492 2304 1847 2385 baptismus.
1933 2302 2019 2365 Et
2063 2303 2194 2367 lioec

440 2406 617 2446 causa
643 2396 753 2458 est,
782 2406 888 2446 cur
916 2385 1136 2445 Paulus
1168 2385 1539 2468 baptismum
1570 2396 1760 2459 vocet,
1788 2385 2194 2449 circumcisio-

441 2488 579 2528 nem
612 2467 863 2527 Christi.

521 2549 793 2610 XXXV.
838 2548 1159 2610 Credimus
1209 2550 1416 2623 etiam,
1465 2560 1527 2610 et
1576 2551 1939 2611 confitemur
1979 2550 2191 2615 D..1e·

440 2653 573 2693 sum
617 2631 930 2693 Christum
979 2632 1355 2694 Servatorem
1405 2645 1698 2707 nostrum,
1740 2645 2187 2697 sacrosanctum

439 2715 649 2776 Coenae
697 2737 819 2776 suae
865 2726 1304 2776 sacramentum
1354 2715 1703 2790 instituisse,
1747 2727 1815 2776 ut
1858 2716 1917 2777 in
1964 2738 2035 2778 ea
2077 2739 2192 2779 nu-

439 2798 598 2871 triat,
626 2820 697 2859 ac
741 2809 1036 2859 sustentet
1077 2820 1198 2869 eos,
1275 2819 1383 2860 uos
1416 2799 1547 2878 jam
1593 2799 1984 2881 regeneravit,
2021 2811 2083 2861 et
2125 2801 2190 2862 in

438 2881 732 2942 familiam
763 2902 955 2955 suam,
980 2903 1202 2976 nempe
1360 2882 1566 2943 lesiam
1600 2881 1832 2943 insevit.
1895 2882 2018 2952 Qui
2049 2904 2190 2944 vero

438 2964 766 3046 regenerati
798 2976 940 3026 sunt
966 2963 1274 3048 duplicem
1307 2965 1369 3025 in
1401 2987 1464 3026 se
1492 2965 1678 3026 vitam
1713 2966 1972 3027 habent:
2002 2987 2186 3028 unam

437 3047 680 3128 quidem
729 3048 1051 3123 carnalem,
1092 3059 1153 3108 et
1194 3049 1636 3131 temporariam,
1678 3070 1861 3130 quam
1907 3070 2112 3111 secum
2152 3070 2190 3110 a

437 3131 632 3212 prima
676 3152 783 3191 sua
825 3130 1134 3191 nativitate
1178 3132 1525 3202 attulerunt,
1568 3143 1630 3192 et
1675 3132 1804 3192 baec
1846 3132 2188 3193 communis

437 3225 527 3274 est
555 3213 873 3274 omnibust
905 3214 1150 3275 alteram
1182 3214 1574 3297 spiritualem,
1602 3227 1663 3276 et
1692 3215 2023 3289 coelestem‚
2052 3236 2186 3298 que

438 3295 555 3356 illis
593 3296 851 3357 donatur
879 3297 940 3357 in
984 3296 1248 3359 secunda
1291 3297 1391 3359 illa
1436 3297 1765 3371 nativitate,
1838 3319 1929 3358 uoe
1967 3299 2038 3359 fit
2077 3315 2187 3380 per

436 3380 683 3440 verbum
733 3379 1071 3462 Evangelii,
1116 3380 1176 3441 in
1234 3381 1455 3442 unione
1504 3381 1768 3465 corporis
1869 3379 2077 3449 hristi;
2119 3386 2184 3438 et

439 3460 567 3522 hoec
622 3462 762 3523 solis
820 3463 1026 3524 electis
1077 3462 1196 3525 Dei
1248 3464 1563 3546 peculiaris
1612 3476 1722 3525 est.
1808 3460 1996 3524 Sicuti
2041 3480 2182 3521 vero

436 3541 605 3604 Deus
635 3567 852 3636 panem
885 3557 1208 3619 terrenum,
1238 3560 1299 3607 et
1328 3547 1694 3609 materialem
1727 3544 1802 3606 ad
1837 3541 2014 3621 liujus
2041 3542 2179 3604 vitae

438 3626 707 3698 carnalis,
749 3640 809 3687 ct
852 3640 1102 3690 terrenae
1146 3629 1658 3691 conservationem
1706 3625 1988 3687 idoneum
2034 3648 2181 3687 con-
