2418 4172
0 776 3 791 l

0 841 13 950 ξ

0 956 15 1049 ξ

293 674 975 757 CONFESSIO
1039 674 1720 755 DOCTRINAE

196 873 996 938 SAonICARUM
1054 873 1817 937 ECCLESIARUM

556 1026 870 1079 SYNODO
908 1025 1443 1080 TRIDENTINAE

885 1198 1133 1243 οΒιΛτΛ,

687 1340 862 1382 ΑΝΝΟ
890 1340 1119 1382 Donum
1148 1340 1319 1381 unm.

130 1475 202 1527 In
388 1472 693 1527 Christiane
715 1474 890 1537 lector,
917 1473 1133 1536 valebis,
1158 1475 1374 1545 quinam
1402 1491 1428 1524 c
1456 1472 1739 1525 Catholicae
1767 1473 1872 1524 Ec-

308 1546 371 1598 ‘ae
382 1546 595 1618 gremio
618 1546 905 1598 resilierint
921 1566 938 1596 :
964 1554 1013 1598 ct
1028 1562 1134 1617 per
1149 1563 1277 1616 quos
1301 1552 1417 1609 stet,
1436 1563 1537 1616 quo
1562 1545 1742 1595 minus
1762 1543 1869 1596 Ec-

199 1616 375 1671 cles-'e
386 1617 491 1689 pia
513 1616 790 1670 eoncordia
812 1617 1102 1670 sarciatur.

823 1824 1177 1864 *—

731 1995 780 2055 1.
828 1995 934 2056 De
963 1994 1290 2056 Doctrina.

129 2125 344 2207 CUM
374 2139 774 2200 certissimum
807 2139 901 2214 sit,
930 2138 1134 2199 Deum
1169 2138 1280 2198 sibi
1314 2139 1375 2198 in
1416 2161 1633 2221 genere
1664 2140 1879 2202 huma-

128 2245 228 2297 no,
366 2235 499 2305 pter
527 2221 775 2296 Filium,
810 2233 872 2282 et
919 2244 1024 2305 per
1061 2244 1225 2295 eum,
1263 2221 1546 2303 colligere
1587 2234 1873 2284 aeternam

128 2305 256 2368 Eee
278 2305 465 2366 esiam
503 2326 651 2367 voce
691 2304 998 2379 doctrinae,
1025 2326 1163 2386 quae
1207 2304 1429 2386 scripta
1472 2316 1563 2366 est
1599 2305 1660 2366 in
1709 2306 1875 2367 libris

125 2387 555 2472 prophetarum
593 2400 655 2448 et
683 2388 1087 2470 apostolorum
1111 2411 1126 2448 ε
1172 2386 1561 2448 adfirmamus
1590 2389 1747 2449 clare
1776 2412 1877 2450 co·

124 2493 253 2533 ram
293 2471 432 2532 Deo
470 2480 532 2531 et
573 2471 849 2531 universa
877 2470 1151 2531 Ecclesia
1196 2470 1258 2530 in
1298 2471 1457 2531 coelo
1495 2483 1556 2530 et
1601 2471 1662 2531 in
1703 2483 1875 2545 terra,

16 2598 21 2603 -
124 2575 235 2615 nos
262 2575 402 2615 vera
443 2553 563 2614 fide
605 2553 889 2636 amplecti
931 2553 1138 2614 omnia
1182 2552 1403 2647 scripta
1441 2554 1874 2647 prophetarum

125 2646 191 2698 et
216 2636 663 2730 apostolorum:
705 2648 767 2696 et
795 2636 1042 2718 quidem
1085 2636 1145 2696 in
1187 2636 1303 2696 hac
1342 2659 1471 2718 ipsa
1506 2648 1708 2697 nativa
1738 2661 1872 2698 sen-

125 2729 333 2791 tentia,
353 2741 492 2800 quoe
518 2741 798 2802 expressa
825 2731 916 2781 est
944 2720 1007 2780 in
1030 2718 1344 2802 symbolis,
1365 2720 1739 2802 Apostolic0‚
1758 2722 1875 2780 Ni-

128 2822 314 2871 ωηο,
357 2812 421 2862 et
460 2802 889 2863 Athanasiano.
976 2803 1061 2864 Et
1111 2803 1241 2864 haec
1298 2803 1427 2885 ipsa
1476 2804 1770 2884 symbola,
1813 2816 1874 2864 et

126 2904 334 2944 eorum
381 2883 642 2944 nativam
689 2886 1047 2946 sententiam
1094 2886 1223 2946 sine
1257 2885 1607 2967 corruptelis
1638 2907 1876 2967 semper

126 2977 468 3027 constanter
494 2967 757 3049 amplexi
786 2989 1015 3043 sumus,
1036 2980 1098 3029 et
1125 2969 1264 3029 Deo
1282 2967 1557 3047 juvante,
1582 2980 1871 3049 perpetuo

126 3048 578 3131 amplectemur.
662 3047 749 3110 Et
774 3050 837 3118 in
876 3050 990 3112 bac
1018 3050 1138 3112 fide
1167 3072 1374 3111 verum
1406 3050 1631 3124 Deum,
1660 3051 1764 3130 qui
1810 3073 1874 3111 se

125 3130 411 3274 patefecit
452 3130 514 3191 in
555 3130 830 3193 Ecclesia
872 3156 1000 3208 sua,
1030 3134 1213 3194 misso
1243 3133 1419 3207 Filio,
1447 3143 1509 3192 et
1542 3132 1759 3193 additis
1804 3134 1876 3193 il-

147 3213 412 3275 ustribus
439 3214 820 3288 testimoniis,
841 3216 1190 3277 invocamus
1218 3237 1357 3276 cum
1389 3216 1673 3276 omnibus
1703 3238 1874 3277 sane-

122 3296 202 3358 tis
232 3297 295 3357 in
325 3296 486 3357 coelo
512 3307 575 3357 et
603 3296 667 3357 in
694 3308 871 3359 terra.
947 3298 1031 3358 Et
1057 3309 1269 3359 extant
1304 3308 1520 3358 nostrae
1549 3299 1872 3359 enarratio-

272 3379 337 3439 in
382 3379 679 3462 symbola,
716 3379 1300 3462 comprehendentes
1344 3390 1542 3440 totum
1585 3379 1871 3444 doctrinae

124 3482 339 3546 eorpus
381 3475 443 3523 et
485 3461 971 3534 tundamentum,
1000 3483 1135 3543 quae
1176 3461 1503 3523 ostendunt
1542 3462 1700 3525 hanc
1735 3486 1873 3525 nos-

125 3553 278 3606 tram
309 3545 809 3607 asseverationem
841 3545 1206 3606 verissimam
1240 3566 1386 3605 esse.

205 3625 589 3690 Damnamus
630 3628 812 3690 etiam
859 3628 1343 3691 constantissime
1380 3649 1591 3690 omnes
1626 3628 1870 3705 fumi-es,

962 3731 1001 3771 R
1034 3723 1069 3771 2

1649 3770 1684 3785 s
