2418 4172
460 478 838 543 QUINTUM
881 482 1313 537 DOCTRINAE
1356 485 1647 550 CAPUT,

1018 672 1086 704 DS

293 832 1123 903 PERSEVERANTIA
1191 837 1816 911 SANCTORUM.

808 1040 1283 1082 ...φ-

738 1211 1062 1273 Articulus
1089 1213 1359 1274 Primus,

178 1311 436 1407 QUOS
462 1331 632 1392 Deus
660 1332 992 1393 secundum
1019 1335 1394 1427 propositum
1427 1358 1624 1411 suum,
1653 1337 1724 1398 ad
1756 1361 1921 1401 com-

177 1414 525 1475 munionem
558 1414 695 1475 Filii
738 1416 828 1477 sui
858 1415 1110 1477 Domini
1148 1418 1330 1478 nostri
1360 1419 1510 1479 Jesu
1543 1419 1790 1495 Christi,
1818 1445 1922 1483 vo·

176 1508 292 1571 cst,
318 1508 382 1558 et
407 1519 517 1581 per
544 1497 840 1640 SXidtum
870 1499 1160 1560 Sanctum
1194 1508 1521 1582 regenerat,
1544 1524 1644 1562 eos
1674 1504 1918 1583 quidem

175 1588 238 1640 et
260 1601 296 1640 ι
315 1580 546 1663 peccati
611 1580 840 1641 ominio
869 1592 930 1641 et
951 1581 1253 1656 servitute,
1275 1605 1394 1643 non
1427 1595 1628 1644 autem
1661 1608 1695 1645 a
1723 1608 1920 1662 carne,

174 1671 238 1722 et
262 1682 510 1745 corpore
538 1662 791 1744 peccati,
820 1664 1061 1746 penitus
1091 1665 1151 1724 in
1183 1664 1296 1725 hac
1326 1666 1447 1724 vita
1477 1666 1706 1728 liberat.

222 1825 429 1887 'Hinc
469 1826 815 1907 quotidiana
856 1827 1221 1887 infirmitatis
1259 1839 1509 1909 peccata
1542 1829 1833 1906 oriuntur,
1861 1844 1922 1893 et

173 1907 423 1992 optimis
471 1909 654 1969 etiam
705 1921 1047 1970 sanctorum
1098 1909 1376 1991 operibus
1428 1911 1580 1972 naevi
1631 1912 1922 1975 adhaeres-

175 2001 354 2052 cunt:
439 2013 531 2052 uae
572 1991 689 2051 illis
730 2002 1084 2073 perpetuam
1117 2014 1244 2052 sese
1273 2014 1472 2052 coram
1507 1994 1644 2054 Deo
1674 1995 1920 2057 humili-

176 2071 338 2147 andi,
365 2012 439 2134 sd
479 2073 791 2135 Christum
836 2074 1189 2134 crucifixum
1236 2074 1643 2157 confugiendi,
1678 2100 1917 2139 carnem

177 2155 369 2237 magis
398 2178 468 2217 nc
496 2156 688 2238 magis
717 2178 826 2238 per
852 2155 1143 2238 Spiritum
1176 2178 1425 2238 precum
1464 2169 1527 2218 et
1562 2171 1767 2220 sancta
1793 2160 1920 2242 pie-

174 2237 315 2299 tatis
342 2238 628 2300 exercitia
654 2237 1254 2312 mortificandi,et'ad
1283 2239 1661 2321 perfectionis
1693 2255 1916 2303 metam

176 2320 530 2403 suspirandi,
553 2321 865 2382 materiam
896 2334 1259 2403 suggerunt;
1304 2322 1595 2416 tantisper
1623 2323 1768 2385 dum
1802 2325 1919 2387 hoc

175 2403 386 2464 mortis
428 2425 676 2487 corpore
717 2403 917 2477 soluti,
945 2425 1083 2464 cum
1115 2403 1293 2487 Agno
1322 2403 1440 2464 Dei
1482 2427 1545 2466 in
1583 2407 1753 2468 coelis
1788 2430 1920 2490 reg-

176 2497 341 2547 nent.

988 2568 1110 2629 111.

258 2649 509 2744 Propter
560 2649 704 2711 istas
760 2650 989 2732 peccati
1048 2650 1438 2711 inhabitantis
1505 2652 1802 2733 reliquias,
1858 2665 1919 2715 et

176 2730 389 2794 mundi
432 2732 676 2815 insuper
718 2755 787 2793 ac
829 2733 1066 2794 Satanae
1109 2733 1489 2807 tentationes,
1517 2756 1638 2794 non
1672 2747 1916 2815 possent

175 2814 444 2876 conversi
493 2815 555 2876 in
598 2816 713 2876 ista
754 2815 942 2897 gratia
982 2828 1262 2897 perstare,
1291 2815 1339 2875 si
1379 2816 1498 2876 suis
1532 2816 1754 2876 viribus
1783 2840 1917 2900 per-

177 2897 571 2960 mitterentur.
656 2897 775 2958 Sed
805 2897 998 2958 fidelis
1026 2910 1117 2959 est
1146 2898 1334 2971 Deus,
1363 2898 1463 2978 qui
1497 2898 1653 2977 ipsos
1689 2899 1750 2958 in
1787 2922 1918 2982 gra-

176 2980 262 3042 tia*
302 2981 488 3042 semel
530 2981 745 3042 collata
788 2980 1245 3042 misericorditer
1278 2982 1612 3055 confirmat,
1639 2993 1699 3042 et
1729 2981 1790 3042 in
1821 3005 1917 3043 ea-

175 3061 314 3124 dem
347 3085 539 3145 usque
567 3062 642 3123 ad
671 3051 859 3123 finem
887 3074 1163 3206 potelntter
1189 3075 1516 3124 conservat.

260 3226 394 3288 Etsi
424 3238 625 3288 sutem
657 3226 759 3287 illa
787 3227 1058 3309 potentia
1084 3227 1201 3288 Dei
1232 3249 1369 3287 vere
1398 3226 1602 3287 fideles
1637 3227 1697 3287 in
1728 3227 1918 3310 grstia

178 3309 590 3371 confirmantis
633 3321 694 3369 et
734 3311 1155 3386 conservantis,
1190 3310 1382 3389 major
1422 3321 1530 3385 est,
1557 3331 1740 3390 quam
1784 3332 1917 3391 quae

178 3414 213 3452 a
242 3414 417 3453 carne
446 3392 705 3473 superari
737 3393 961 3474 possit;
1006 3414 1127 3453 non
1157 3414 1392 3475 semper
1421 3404 1621 3452 tamen
1653 3394 1920 3455 conversi

32 3510 69 3544 g
179 3474 264 3535 ita
305 3497 341 3535 a
375 3473 515 3535 Deo
558 3486 815 3556 aguntur
856 3487 918 3535 et
959 3486 1295 3549 moventur,
1321 3486 1389 3536 ut
1430 3497 1550 3535 non
1589 3475 1823 3557 possint
1852 3476 1917 3538 in

179 3555 537 3638 quibusdam
571 3557 904 3618 actionibus
931 3558 1386 3641 particularibus
1416 3579 1451 3619 a
1477 3557 1666 3619 ductu
1693 3559 1919 3640 grstioe,

179 3660 289 3700 suo
333 3641 498 3711 vitio,
538 3639 830 3715 recedere,
870 3651 933 3701 et
973 3663 1013 3783 ²1¹-
1043 3641 1242 3784 ί(Ξεὲιῧιτιίε
1284 3640 1783 3747 concupiscentiis
1827 3664 1918 3703 se·
2011 3647 2020 3651 ’
