2418 4172
413 312 520 365 200
1054 305 1537 361 CONFESSIO

420 476 492 516 ca
535 452 595 514 in
639 474 701 514 re
746 452 927 513 ullam
974 448 1370 512 exercendam
1420 471 1550 510 esse
1599 447 1959 531 putavimus.
2045 444 2167 508 Sed

422 548 715 620 quantum
762 555 1098 617 possumus,
1129 555 1248 594 una
1289 553 1429 593 cum
1471 532 1598 614 ipsa
1631 530 1968 592 ceremonia
1994 531 2167 591 resti·-

422 619 649 682 tuimus
678 617 839 701 piam
870 616 1202 678 doctrinam
1233 614 1309 676 de
1339 615 1536 676 fructu
1571 613 1943 688 ceremoniae,
1971 624 2040 675 ut
2077 612 2168 673 in-

424 702 654 785 telligat
683 700 943 784 populus
973 697 1279 780 quomodo
1308 709 1746 760 sacramentum
1787 695 2165 779 propositum

423 786 503 847 sit
551 784 625 845 ad
676 781 1067 844 consolandas
1121 780 1515 843 conscientias
1569 802 1778 842 eorum
1827 779 1930 860 qui
1981 788 2169 860 agunt

423 866 867 951 poenitentiam.
956 867 1107 926 Haec
1148 863 1419 926 doctrina
1461 862 1674 925 invitat
1712 863 1839 946 pios
1875 860 1948 923 ad
1988 882 2166 922 usum

423 962 486 1012 ct
513 948 901 1011 reverentiam
933 948 1308 1008 sacramenti.
1395 945 1641 1007 Etenim
1682 968 1803 1006 non
1842 945 2037 1005 solum
2072 965 2170 1005 ce-

424 1033 693 1095 remonia
721 1030 997 1091 mutilata
1023 1029 1140 1090 fuit
1166 1041 1360 1103 antea,
1378 1028 1480 1089 sed
1509 1029 1690 1090 etiam
1721 1028 1993 1110 neglecta
2019 1047 2171 1110 prae-

424 1117 603 1198 cipua
648 1113 918 1175 doctrina
965 1110 1041 1171 de
1084 1111 1301 1172 fructu.
1385 1111 1470 1172 Et
1511 1111 1773 1172 fortassis
1815 1108 2168 1172 ceremoniae

427 1196 727 1259 mutilatio
775 1193 1133 1276 significavit
1181 1195 1563 1254 obscuratum
1614 1214 1742 1254 esse
1789 1191 2167 1273 evangelium

424 1280 500 1341 de
546 1278 833 1360 sanguine
880 1275 1126 1350 Christi,
1171 1275 1287 1336 hoc
1336 1287 1445 1349 est,
1486 1274 1562 1335 de
1612 1272 1905 1336 beneflcio
1962 1272 2170 1335 mortis

427 1361 671 1422 Christi.
744 1359 950 1434 Nunc,
971 1358 1090 1419 Dei
1123 1358 1435 1429 beneficio,
1463 1370 1781 1419 renovatur
1809 1378 1879 1418 ac
1911 1354 2171 1418 restitui-

427 1458 523 1506 tur
550 1466 698 1527 pura
727 1442 998 1504 doctrina
1027 1441 1103 1503 de
1134 1440 1272 1515 fide,
1303 1463 1422 1502 una
1450 1462 1590 1503 eum
1622 1439 1978 1503 ceremonia.

987 1620 1604 1661 ---ο--

1024 1742 1128 1804 De
1163 1740 1571 1828 Confessione.

407 1843 684 1926 ›HUlc
714 1861 867 1946 parti
898 1859 1570 1938 doctrinaeChristianae
1598 1859 1674 1920 de
1809 1859 2080 1935 nitentia,
2106 1859 2170 1920 in

424 1947 636 2031 primis
682 1969 740 2006 m
867 1966 929 2005 as
972 1943 1245 2004 tenebras
1286 1941 1631 2003 offuderunt
1671 1954 1697 2002 t
1742 1942 1935 2024 eologi
1978 1952 2042 2004 et
2071 1964 2171 2004 ca·

426 2030 695 2091 nonistae.
816 2027 977 2107 dque
1010 2035 1304 2086 testantur
1341 2046 1463 2085 non
1498 2025 1691 2085 solum
1735 2024 2005 2108 ipsorum
2039 2024 2174 2086 bib-

425 2112 719 2186 liothecae,
757 2109 859 2171 sed
914 2107 1097 2169 etiam
1147 2106 1424 2168 omnium
1476 2107 1740 2190 piorum·
1770 2106 2173 2181 conscientie,

423 2218 558 2277 quae
602 2195 867 2255 fatentur
900 2191 1030 2252 illas
1066 2190 1508 2252 inextricabiles
1535 2190 1980 2274 disputationes.
1997 2188 2173 2252 theo-

422 2280 716 2360 logorum,
744 2287 805 2338 et
838 2274 1184 2336 traditiones
1219 2274 1483 2335 infinitas
1516 2273 1591 2335 de
1621 2273 1999 2356 poenitentia,
2028 2273 2174 2334 hor-

423 2361 659 2423 ribilem
707 2357 1116 2420 carnificinam
1175 2355 1696 2418 conscientiarum.
1727 2356 1926 2417 fuisse.
2008 2354 2174 2417 Nus-

425 2465 607 2538 quam
653 2443 815 2503 enim
861 2439 1192 2521 quidquam
1237 2439 1382 2500 certi
1426 2438 1647 2499 docent
1683 2437 1994 2520 quomodo
2027 2459 2172 2500 con-

428 2537 623 2608 tingat
652 2523 921 2585 remissio
953 2534 1332 2605 peccatorum
1360 2547 1376 2591 ;
1420 2520 1496 2581 de
1538 2520 1656 2582 fide
1695 2543 1935 2604 prorsus
1968 2532 2061 2582 est
2087 2520 2173 2583 al·

428 2609 727 2670 tissimum
760 2606 1084 2667 silentium.
1170 2605 1307 2666 lmo
1324 2604 1546 2684 jubent
1575 2617 1865 2687 perpetuo
1895 2603 2172 2666 dubitare

429 2691 505 2752 de
534 2689 881 2751 remissione
910 2699 1314 2770 peccatorum.
1400 2688 1613 2748 Postea
1646 2687 1996 2748 excruciant
2027 2708 2173 2747 con-

430 2773 706 2835 scientias
736 2771 947 2833 acerba
974 2770 1425 2832 enumeratione
1457 2768 1855 2831 delictorum:
1898 2770 2044 2831 item
2080 2791 2174 2831 sa·

425 2855 882 2918 tisfactionibus.
975 2853 1187 2923 Qualis
1250 2852 1410 2914 enim
1481 2852 1727 2934 laqueus
1793 2852 2173 2914 conscientie

432 2939 545 3001 fuit
575 2938 847 3083 ?traditio,
890 2958 1026 3020 quae
1070 2936 1341 3020 praecipit
1386 2937 1591 2997 omnia
1635 2948 1880 3019 peccata
1925 2955 2175 2998 enume-

427 3045 553 3084 rare

514 3103 961 3167 Satisfactiones
1038 3125 1178 3165 vero
1261 3103 1731 3165 obscuraverunt
1810 3101 2171 3165 beneficium

428 3187 675 3263 Christi,
703 3187 846 3270 quia
886 3185 1069 3248 etiam
1112 3185 1275 3248 docti
1319 3187 1559 3269 fingunt
1601 3208 1707 3269 per
1746 3208 1846 3247 eas
1888 3205 2174 3268 compan-

429 3272 542 3332 sari
585 3283 866 3334 aeternam
914 3280 1211 3341 mortem;
1253 3268 1479 3331 indocti
1517 3269 1812 3352 putabant
1851 3268 1945 3330 his
1976 3264 2170 3349 operi-

429 3355 541 3415 bus
570 3354 688 3415 emi
719 3353 1129 3415 remissionem
1160 3352 1256 3414 cul
1358 3398 1373 3412 .
1446 3351 1611 3422 Quid
1632 3351 1795 3434 quod
1816 3349 2170 3434 plerumque

430 3436 649 3496 fuerint
690 3436 886 3498 cultus
930 3458 1052 3497 non
1098 3375 1364 3498 mandxi
1408 3458 1444 3497 a
1478 3435 1636 3509 Deo,
1662 3426 2001 3511 βαι-ποληῖω
2037 3450 2170 3511 pre·

428 3540 587 3591 cuin,
645 3517 1048 3580 invocationes
1104 3530 1468 3590 sanctorum,
1527 3513 2049 3600 peregrinationes,
2105 3523 2168 3573 0⁸

434 3599 547 3659 hoc
575 3621 762 3679 genus
792 3600 947 3662 alia?
994 3600 1086 3661 lta
1109 3601 1222 3661 fuit
1249 3601 1465 3662 obruta
1493 3597 1719 3679 ingenti
1749 3615 1959 3659 acervo
1984 3594 2167 3656 inuti·
