2418 4172
589 637 1084 701 sYMBoLUM
1132 640 1488 715 DAMASI,

0 582 20 883 ῑ-ς--ττν-*Ψ*
0 363 22 569 *vv-'‘⁵“

427 815 529 880 ΕΞ
558 833 615 880 2.
652 820 832 881 Tomo
868 819 1140 901 Operum
1172 821 1237 880 S.
1264 819 1656 903 Hieronymi.

165 1001 649 1083 CREDIMUS
680 1018 741 1078 in
778 1039 964 1078 unum
1010 1017 1215 1078 Deum
1257 1017 1492 1079 Patrem
1535 1020 1919 1103 omnipoten-

165 1103 313 1176 tem,
340 1113 402 1162 et
444 1101 506 1161 in
536 1123 724 1162 unum
758 1100 1097 1161 Dominum
1137 1112 1410 1162 nostruin
1452 1102 1669 1163 Jesum
1714 1105 1921 1166 Chris-

160 1199 321 1260 tum,
347 1184 468 1245 Dei
499 1179 747 1256 Filium,
777 1197 839 1245 et
879 1185 935 1244 in
978 1184 1272 1266 Spiritum
1315 1185 1626 1258 Sanctum.
1710 1187 1916 1251 Deum

78 1266 83 1270 ’
166 1291 288 1331 non
345 1279 465 1328 tres
521 1267 708 1341 Deos,
751 1267 852 1328 sed
914 1268 1172 1340 Patrem,
1217 1268 1462 1341 Filium,
1507 1283 1568 1330 et
1625 1270 1916 1353 Spiritum

168 1352 483 1425 Sanctum,
510 1373 699 1412 unum
739 1350 943 1411 Deum
977 1350 1232 1411 colimus
1258 1363 1319 1411 et
1355 1355 1750 1414 confitemur:
1796 1378 1915 1416 non

30 1498 33 1499 ⁷
168 1435 257 1501 sic
292 1455 478 1497 unum
520 1433 723 1494 Deum
765 1435 933 1513 quasi
975 1433 1329 1507 solitarium,
1358 1458 1470 1496 nec
1509 1437 1771 1498 eundem
1815 1440 1918 1519 qui

0 1466 42 1561 Γ
169 1518 297 1601 ipse
322 1516 435 1578 sibi
466 1529 636 1598 pater
664 1516 759 1590 sit,
783 1516 910 1597 ipse
932 1528 993 1576 et
1016 1516 1208 1576 filius:
1254 1517 1361 1587 sed⁴
1388 1519 1626 1579 Patrem
1658 1543 1784 1580 esse
1814 1523 1919 1602 qui

0 1608 56 1692 ᾗ
167 1599 394 1744 giguit,
414 1611 477 1659 et
500 1598 723 1659 Filium
755 1620 883 1658 esse
911 1598 1017 1678 qui
1049 1599 1288 1680 genitus
1311 1600 1420 1659 sit:
1466 1602 1756 1682 Spiritum
1785 1625 1921 1664 vero

0 1698 36 1720 “·
292 1694 458 1744 ctum
492 1703 613 1742 non
646 1681 943 1763 genitum,
973 1703 1170 1762 neque
1210 1682 1569 1762 ingenitum,
1599 1707 1719 1744 non
1761 1708 1922 1747 crea-

156 1778 297 1828 -tum
330 1757 528 1846 neque
557 1764 805 1839 factum,
835 1764 936 1825 sed
967 1764 1042 1824 de
1074 1766 1246 1825 Patre
1276 1765 1554 1849 Filioque
1591 1769 1922 1850 proceden-

166 1863 313 1922 tem,
358 1849 513 1909 Patri
565 1860 627 1908 et
676 1848 832 1908 Filio
882 1860 1271 1922 coaeternum,
1315 1861 1374 1910 et
1425 1852 1815 1931 coaequalem,
1860 1868 1921 1915 et

139 1950 277 1993 'coo
357 1943 634 1992 ratorem.
719 1931 880 2000 Quia
926 1933 1217 2015 scriptum
1263 1945 1371 2007 est,
1419 1933 1621 1994 Verbo
1666 1936 1923 1998 Domini

169 2037 256 2078 coe
282 2013 567 2098 ifirnaati
594 2024 757 2089 sunt,
788 2015 847 2075 id
879 2028 989 2089 est,
1020 2039 1050 2075 a
1084 2015 1241 2075 Filio
1275 2016 1394 2076 Dei
1437 2031 1498 2077 et
1537 2018 1764 2100 Spiritu
1802 2021 1918 2079 oris

10 2133 39 2147 -
167 2099 295 2179 ejus
325 2101 522 2159 omnis
545 2098 730 2158 virtus
760 2120 991 2158 eorum.
1076 2097 1159 2159 Et
1188 2099 1350 2172 alibi,
1374 2100 1608 2161 Emitte
1633 2103 1919 2182 spiritum

168 2191 357 2256 tuum,
403 2190 463 2243 et
520 2182 912 2255 creabuntur,
958 2190 1018 2241 et
1063 2183 1383 2243 renovabis
1415 2183 1663 2266 faciem
1720 2194 1918 2246 terrae.

168 2264 436 2346 Ideoque
467 2265 526 2324 in
559 2265 804 2324 nornine
834 2264 1045 2338 Patris,
1063 2277 1122 2324 et
1147 2265 1304 2339 Filii,
1326 2278 1387 2325 et
1409 2267 1670 2349 Spiritus
1694 2268 1920 2342 Sancti,

166 2369 355 2409 unum
400 2349 762 2408 confitemur
799 2346 1028 2420 Deum,
1058 2347 1221 2428 quod
1265 2370 1487 2408 nomen
1530 2362 1619 2409 est
1658 2363 1921 2432 potesta-

165 2431 262 2507 tis,
306 2453 429 2491 non
481 2430 881 2513 proprietatis,
969 2431 1287 2513 Proprium
1340 2454 1564 2492 nomen
1608 2445 1699 2493 est
1742 2435 1921 2508 Patri,

166 2514 359 2588 Pater,
389 2525 450 2574 et
484 2514 794 2596 proprium
837 2536 1059 2574 nomen
1100 2526 1191 2574 est
1235 2514 1409 2589 Filio,
1439 2515 1648 2589 Filius,
1679 2528 1741 2577 et
1782 2540 1921 2600 pro-

207 2597 362 2659 rium
396 2619 617 2657 nomen
649 2596 896 2679 Spiritui
922 2597 1165 2672 Sanct0,
1194 2598 1452 2680 Spiritus
1477 2600 1755 2661 SanctuS.
1844 2602 1917 2661 In

164 2619 280 2741 Καρ
318 2675 617 2741 Trinitate
662 2702 853 2740 unum
897 2680 1102 2741 Deum
1151 2681 1440 2743 colimus:
1493 2683 1635 2763 quia
1678 2706 1752 2743 ex
1799 2707 1919 2743 uno

165 2764 340 2825 Patre
378 2762 539 2844 quod
580 2776 688 2836 est,
719 2764 896 2824 unius
937 2786 1078 2824 cum
1119 2765 1292 2824 Patre
1331 2778 1561 2826 naturae
1601 2778 1711 2840 est,
1744 2767 1919 2827 unius

165 2846 532 2920 substantiae,
553 2857 614 2907 et
644 2847 820 2907 unius
849 2841 1183 2931 potestatiS.
1245 2849 1421 2908 Pater
1443 2849 1665 2909 Filium
1692 2850 1920 2931 genuit,

165 2952 287 2990 non
330 2930 656 3000 voluntate,
702 2953 812 2990 nec
857 2931 1227 3005 necessitate,
1263 2931 1365 2992 sed
1411 2943 1641 2992 natura.
1730 2932 1918 2992 Filius

167 3011 381 3074 ultimo
417 3025 687 3095 tempore
727 3013 800 3073 ad
846 3036 955 3073 nos
1000 3013 1335 3088 salvandos,
1366 3027 1427 3075 et
1467 3014 1539 3075 ad
1581 3014 1919 3098 implendas

166 3094 521 3177 ScripturaS,
537 3096 848 3157 descendit
870 3119 904 3157 a
923 3097 1115 3172 Patre,
1132 3098 1235 3179 qui
1256 3120 1568 3179 nunquam
1594 3098 1770 3158 desiit
1792 3121 1919 3158 esse

166 3198 304 3238 cum
340 3178 530 3238 Patre.
614 3179 699 3240 Et
728 3192 1056 3262 conceptus
1091 3192 1182 3240 est
1210 3180 1286 3241 de
1327 3181 1554 3263 Spiritu
1586 3181 1829 3254 Sancto,
1858 3193 1919 3241 et

164 3271 341 3321 natus
371 3282 446 3321 ex
475 3260 742 3340 Virgine.
828 3262 1110 3336 Carnem,
1141 3275 1203 3323 et
1239 3265 1524 3336 animam,
1553 3275 1615 3322 et
1656 3286 1918 3338 sensum,

165 3343 283 3404 hoc
324 3356 416 3404 est
459 3342 788 3425 perfectum
835 3346 1099 3427 suscepit
1151 3346 1499 3405 hominem:
1558 3368 1669 3406 nec
1718 3345 1919 3408 amiait

164 3426 326 3507 quod
357 3439 503 3500 erat,
532 3426 633 3485 sed
666 3426 855 3508 coepit
883 3449 1012 3486 esse
1050 3426 1211 3507 quod
1254 3450 1374 3488 non
1418 3440 1562 3503 erat,
1591 3429 1673 3489 ita
1712 3442 1915 3491 tamen
1971 3475 1977 3482 -

167 3522 232 3570 ut
274 3510 573 3592 perfectus
620 3509 678 3568 in
726 3509 848 3569 suis
893 3510 988 3581 sit,
1017 3522 1079 3570 et
1107 3532 1279 3571 verus
1324 3511 1384 3571 in
1430 3513 1667 3573 nostris,
1749 3513 1915 3574 Nam

165 3592 266 3672 qui
298 3592 470 3655 Deus
511 3604 655 3666 erat,
688 3592 870 3653 homo
915 3606 1090 3654 natus
1134 3606 1243 3668 est,
1272 3607 1331 3655 et
1370 3594 1472 3675 qui
1516 3596 1701 3657 homo
1741 3607 1915 3657 natus

1642 3796 1674 3807 κ’
