2418 4172
0 374 13 409 f.
633 334 1184 388 AuGusTANA
1240 334 1482 389 MDxL.
1730 374 1733 377 ,
1825 338 1930 392 209

0 438 13 546 fi
230 474 293 540 ui
345 473 740 536 conscientias
796 488 1046 537 onerant
1111 475 1331 537 talibus
1395 473 1928 536 observationibus.

250 577 323 620 oc
361 554 522 616 enim
571 556 715 617 levis
758 570 851 619 est
893 557 1291 640 reprehensi0,
1326 578 1467 617 cum
1514 554 1727 635 inquit,
1762 557 1933 620 Quid

187 637 437 704 Mati-5
465 638 672 699 Deum
697 640 734 697 Ρ

267 718 352 783 Et
403 731 429 780 1
464 719 734 782 Timoth.
773 717 848 780 iv.
891 731 1065 780 vocat
1117 718 1582 801 prohibitionem
1635 719 1927 789 ciborum,

186 802 471 885 conjugii,
503 814 566 862 et
607 802 829 862 similes
872 802 1239 875 traditiones,
1273 801 1578 861 doctrinas
1620 801 1927 861 daemonio·

183 905 340 948 runt.
424 885 625 953 Quare
669 894 867 944 autem
914 895 1036 944 tam
1084 884 1266 944 atroci
1310 883 1570 943 convitio
1614 905 1757 943 usus
1801 885 1930 943 est?

187 965 334 1031 Non
386 966 574 1027 voluit
623 966 815 1027 nullas
861 988 1098 1047 prorsus
1145 965 1272 1026 fieri
1318 965 1738 1038 ordinationes,
1773 966 1937 1027 nulla

191 1048 404 1112 senari
453 1048 800 1109 discrimina
849 1050 1136 1122 locorum,
1186 1060 1569 1129 temporum;
1630 1049 1732 1107 sed
1791 1060 1937 1108 tunc

191 1131 373 1194 sentit
422 1152 549 1191 esse
595 1129 891 1191 doctrinas
943 1130 1399 1203 daemoniorum,
1439 1130 1679 1210 quando
1730 1131 1788 1190 in
1836 1153 1933 1190 eas

189 1212 540 1276 transfertur
566 1213 927 1274 beneficium
958 1213 1203 1286 Christi,
1225 1212 1465 1291 quando
1499 1213 1794 1273 habentur
1866 1235 1930 1271 ro

182 1294 441 1376 justitia,
468 1294 611 1355 item
652 1317 762 1376 pro
805 1295 1146 1356 necessariis
1184 1294 1463 1368 cultibus,
1493 1295 1733 1375 quando
1762 1235 1934 1354 algn-

194 1378 355 1460 gitur
392 1377 600 1460 opinio
641 1376 1027 1448 necessitatis,
1055 1390 1117 1437 et
1158 1376 1497 1437 cruciantur
1537 1377 1935 1449 conscientiae,

197 1470 261 1521 et
298 1459 600 1522 excutitur
632 1459 718 1518 eis
754 1458 918 1519 fides.
1007 1458 1165 1520 Haec
1194 1458 1575 1519 incommoda
1605 1460 1816 1519 volunt
1843 1481 1941 1519 ca-

198 1541 322 1605 veri
352 1540 629 1602 Christus
658 1552 720 1600 et
748 1541 1019 1622 apostoli.
1104 1540 1371 1620 Ideoque
1401 1542 1575 1601 toties
1605 1552 1726 1601 tam
1762 1541 1939 1600 vehe-

198 1634 431 1687 menter
470 1621 750 1684 adversus
793 1622 1137 1682 traditiones
1175 1622 1620 1682 concionantur.
1705 1623 1798 1681 Ac
1827 1619 1940 1680 mi-

196 1724 330 1767 rum
360 1714 453 1764 est
479 1703 596 1763 illis
623 1702 979 1785 fulminibus
1010 1703 1158 1763 nihil
1192 1703 1412 1763 moveri
1444 1724 1566 1773 eos,
1595 1702 1699 1783 qui
1736 1725 1940 1784 super-

197 1785 453 1848 stitiosas
480 1784 792 1867 opiniones
820 1784 1208 1849 traditionum
1240 1783 1587 1844 defendunt.

278 1867 438 1929 Sunt
464 1879 664 1928 autem
696 1867 964 1948 duplices
996 1866 1359 1928 traditiones.
1445 1866 1736 1935 Quaedam
1776 1867 1944 1949 flagi-

198 1960 332 2014 tunt
356 1971 537 2032 opera
566 1948 764 2042 palam
795 1950 1126 2031 pugnantia
1149 1971 1289 2010 cum
1314 1949 1445 2030 lege
1466 1948 1688 2023 divina,
1712 1960 1778 2010 ut
1804 1971 1943 2033 pro-

202 2031 420 2095 bibitio
456 2030 739 2111 conjugii.
823 2031 1087 2091 Necesse
1120 2042 1212 2091 est
1239 2042 1439 2091 autem
1472 2031 1533 2090 in
1563 2032 1813 2092 ecclesia
1841 2053 1943 2091 ex-

203 2126 331 2177 tare
386 2113 541 2174 hanc
597 2113 885 2194 regulam,
941 2114 1197 2195 Oportet
1253 2113 1395 2173 Deo
1448 2115 1650 2196 magis
1705 2114 1946 2174 obedire

414 2194 790 2264 hominibus,-
835 2195 971 2256 ideo
1011 2205 1245 2256 constat
1277 2195 1496 2255 talibus
1524 2195 1943 2256 traditionibus

252 2277 488 2341 umanis
537 2299 915 2358 nequaquam
972 2300 1100 2338 esse
1148 2278 1706 2359 obtemperandum.
1791 2278 1944 2338 Aliae

206 2359 535 2442 loquuntur
579 2358 656 2420 de
704 2360 879 2420 rebus
926 2382 1031 2420 sua
1079 2372 1289 2421 natura
1344 2360 1476 2420 adia
1523 2360 1703 2435 horis,
1748 2372 1817 2420 ut
1870 2360 1947 2420 de

207 2442 363 2517 cibo,
400 2441 640 2515 vestitu,
685 2453 747 2502 et
796 2442 1093 2517 similibus
1143 2443 1339 2502 rebus.
1496 2464 1548 2502 ae
1595 2442 1944 2503 traditiones

209 2525 364 2589 flunt
406 2523 631 2606 impiae,
672 2545 812 2585 cum
858 2536 1275 2607 proponuntur
1319 2546 1458 2585 cum
1509 2524 1601 2584 his
1647 2524 1947 2606 opinioni-

210 2606 344 2679 bus,
368 2605 531 2686 quod
560 2619 897 2668 mereantur
925 2607 1334 2668 remissionem
1357 2618 1760 2689 peccatorum,
1782 2607 1946 2688 quod

212 2686 335 2749 sint
358 2708 451 2749 res
479 2689 838 2763 necessarias,
866 2690 1026 2770 quod
1055 2690 1177 2750 sint
1202 2690 1398 2750 cultus
1430 2689 1567 2762 Dei,
1597 2689 1657 2749 id
1687 2701 1777 2749 est
1815 2689 1948 2748 offi-

214 2768 328 2843 cia,
349 2789 608 2849 quorum
637 2770 772 2831 finis
800 2771 1184 2832 immediatus
1211 2772 1306 2845 sit,
1328 2783 1395 2832 ut
1423 2794 1529 2864 per
1556 2794 1626 2831 ea
1646 2771 1817 2831 Deus
1841 2772 1950 2830 ho-

218 2871 360 2911 nore
402 2849 729 2912 adficiatur.
812 2852 946 2914 Has
1101 2854 1299 2915 tiferas
1349 2854 1659 2935 opiniones
1708 2875 1949 2917 necesse

217 2942 310 2994 est
336 2930 399 2993 in
425 2931 672 2994 ecclesia
698 2935 904 2995 taxari.
1029 2959 1064 2997 c
1091 2949 1334 3029 propter
1363 2937 1469 2996 has
1498 2935 1810 3018 opiniones
1840 2935 1951 2996 hu-

219 3013 384 3076 mani
409 3014 555 3076 ritus
583 3013 819 3077 inutiles
847 3028 987 3079 sunt
1016 3018 1352 3098 abjiciendi,
1381 3030 1446 3079 ut
1485 3017 1830 3078 discrimina
1867 3018 1952 3078 ci-

221 3096 454 3170 borum,
483 3093 843 3159 monasticus
880 3100 1147 3174 vestitus,
1173 3112 1234 3161 et
1272 3100 1495 3161 similes
1525 3121 1718 3160 mores
1749 3122 1953 3182 super-

221 3176 489 3247 stitiosi?
514 3189 582 3238 ut
617 3177 909 3243 Ezechias
950 3204 1184 3243 aeneum
1225 3194 1562 3265 serpentem
1603 3182 1952 3256 combussit,

220 3281 365 3322 cum
406 3259 632 3321 videret
666 3282 805 3322 eum
848 3284 883 3323 a
920 3263 1124 3324 multis
1158 3265 1294 3324 coli.
1382 3264 1501 3324 Sed
1531 3264 1671 3343 quia
1700 3263 1833 3325 haec
1860 3286 1952 3325 so-

220 3342 404 3404 cietas
433 3341 748 3404 hominum
779 3342 839 3403 in
870 3343 984 3405 hac
1010 3346 1297 3427 corporali
1329 3346 1451 3406 vita
1481 3346 1660 3406 habet
1688 3367 1839 3428 opus
1859 3368 1954 3407 or-

102 3474 124 3498 .
222 3421 383 3499 dine,
411 3436 662 3507 possunt
689 3425 872 3506 aliqui
902 3425 1048 3487 ritus
1075 3427 1250 3488 utiles
1278 3427 1352 3488 ad
1384 3427 1547 3488 bunc
1582 3429 1764 3489 finem
1802 3428 1955 3512 poli-

225 3505 411 3570 fimm
463 3507 697 3569 retineri
748 3507 876 3569 sine
927 3508 1348 3591 superstitiosis
1396 3509 1795 3593 opinionibus,
1837 3510 1953 3572 hoc

228 3596 342 3661 est,-
362 3609 438 3650 ne
460 3588 807 3667 judicentur
841 3612 969 3651 esse
1005 3591 1222 3664 cultus,
1250 3603 1353 3653 aut
1381 3614 1472 3653 res
1501 3592 1859 3667 necessariae,
1887 3605 1955 3654 ut

1077 3693 1110 3732 r

1652 3771 1684 3784 l
