2418 4172
19 3771 36 3779 ⁴
4 3678 38 3759 ’,β’-,π’
0 3504 43 3659 έᾴἤ;ᾗ,ν
5 3488 26 3499 ἴ
2 3452 35 3477 :J

8 3760 61 3890 ἑ.

0 3925 6 3932 ,

0 3941 73 4172 ἰ

522 366 1075 424 AUGUSTANA
1127 365 1495 422 MDxxxl.
1776 367 1876 421 141

138 510 224 576 Et
263 510 482 575 Paulus
524 509 600 571 de
644 507 1071 572 communione
1101 507 1299 586 jubet,
1337 517 1406 567 ut
1448 504 1548 566 alii
1593 505 1739 566 alios
1781 530 1885 569 ex-

136 603 400 680 pectent,
429 604 498 653 ut
525 594 632 653 fiat
660 589 999 653 communis
1029 589 1427 672 participatio.

219 675 545 757 Postquam
579 675 759 756 igitur
788 673 967 734 missa
991 670 1150 753 apud
1180 693 1288 731 nos
1321 670 1505 730 habet
1532 670 1880 752 exemplum

136 758 424 831 ecclesiae,
444 779 522 818 ex
548 756 856 839 Scriptura
878 766 939 815 et
962 753 1249 836 patribus,
1271 750 1633 812 confidimus
1663 753 1886 834 impro-

140 840 266 903 bari
294 861 427 903 eam
460 860 580 900 non
611 861 805 920 posse,
836 836 1100 897 maxime
1138 857 1280 895 cum
1321 834 1581 928 publicae
1620 856 1885 895 ceremo-

135 923 273 998 πίω,
302 943 523 1004 magna
560 943 635 982 ex
676 932 845 1014 parte
880 919 1104 980 similes
1134 918 1367 979 usitatis
1399 929 1724 991 serventur,
1753 928 1886 976 tan-

136 1016 268 1068 tum
299 1025 584 1066 numerus
616 1025 927 1063 missarum
961 1013 1051 1062 est
1079 1000 1405 1074 dissimilis,
1427 1022 1607 1080 quem
1644 1011 1887 1081 propter

138 1087 437 1150 maximos
465 1102 527 1147 et
557 1086 902 1147 manifestos
933 1085 1154 1146 abusus
1185 1096 1343 1143 certe
1377 1081 1669 1142 moderari
1705 1081 1885 1164 prod-

137 1179 312 1233 esset.
395 1168 562 1231 Nam
592 1169 739 1229 olim
775 1169 955 1228 etiam
990 1168 1052 1227 in
1083 1166 1348 1227 ecclesiis
1388 1163 1885 1245 frequentissimis

138 1274 263 1316 non
306 1253 492 1314 flebat
577 1251 801 1312 uotidie
850 1251 1048 1322 missa,
1088 1260 1155 1309 ut
1198 1259 1450 1308 testatur
1493 1246 1738 1307 historia
1781 1249 1887 1307 tri-

276 1335 357 1397 ‘ta
398 1335 500 1395 lib.
530 1274 650 1396 PX.
697 1356 827 1415 cap.
854 1344 956 1394 38.
1031 1333 1262 1392 Rursus
1302 1343 1501 1391 autem
1534 1331 1594 1390 in
1624 1329 1888 1390 Alexan-

183 1417 270 1480 ria
357 1428 525 1478 uarta
566 1427 626 1476 ct
669 1430 838 1476 sexta
879 1416 1025 1476 feria
1059 1416 1380 1496 Scripturae
1424 1413 1724 1492 leguntur,
1762 1434 1888 1472 eas-

140 1521 260 1582 que
344 1511 573 1560 octores
618 1499 1102 1591 interpretantur,
1130 1509 1191 1557 et
1228 1495 1434 1556 omnia
1476 1498 1631 1555 fiunt
1673 1508 1888 1578 proeter

139 1581 472 1644 solemnem
504 1581 823 1641 oblationis
853 1601 1101 1640 morem.

669 1723 779 1784 IV.
810 1722 919 1783 De
954 1720 1362 1805 Confessione.

119 1804 636 1887 CONFESSIO
666 1826 727 1886 in
757 1825 1021 1886 ecclesiis
1051 1824 1210 1907 apud
1242 1846 1349 1883 nos
1379 1845 1499 1883 non
1529 1833 1621 1883 est
1650 1822 1889 1883 abolita.

136 1906 286 1970 Non
328 1909 492 1970 enim
537 1909 688 1969 solet
773 1907 951 1990 orrigi
996 1930 1098 1968 cor
1145 1930 1211 1968 us
1252 1906 1527 1979 Domini,
1556 1906 1669 1966 nisi
1714 1917 1889 1966 antea

139 1991 465 2074 exploratis
493 2003 556 2052 et
583 1932 888 2052 absolutis,
950 1990 1044 2050 ‘Et
1114 2001 1319 2050 ocetur
1346 1989 1605 2071 populus
1639 1988 1892 2071 diligen-

139 2073 369 2135 tissime
410 2074 486 2134 de
528 2073 648 2134 fide
691 2073 1101 2146 absolutionis,
1130 2072 1205 2132 de
1243 2094 1363 2152 qua
1402 2084 1541 2132 ante
1579 2072 1710 2132 haec
1735 2084 1891 2132 tem-

142 2178 290 2240 pora
331 2179 621 2239 magnum
665 2167 792 2218 erat
830 2156 1155 2216 silentium.
1241 2155 1558 2215 Docentur
1591 2154 1889 2227 homines,

142 2249 216 2300 ut
254 2239 690 2300 absolutionem
735 2238 978 2322 plurimi
1022 2237 1261 2311 faciant,
1289 2237 1432 2317 quia
1474 2236 1551 2296 sit
1592 2257 1709 2296 vox
1747 2236 1890 2310 Dei,

142 2332 206 2383 et
259 2321 545 2383 mandato
591 2321 714 2382 Dei
770 2321 1219 2403 pronuncietur.
1305 2320 1570 2380 Ornatur
1624 2329 1889 2400 potestas

142 2403 423 2480 clavium,
450 2415 511 2464 et
539 2415 1063 2476 commemoratur,
1091 2413 1376 2482 quantam
1418 2402 1890 2462 consolationem

142 2486 347 2548 afferat
393 2486 828 2570 perterrefactis
877 2485 1275 2558 conscientiis,
1317 2496 1379 2544 et
1423 2484 1583 2564 quod
1630 2483 1893 2564 requirat

141 2568 315 2631 Deus
370 2569 578 2643 fidem,
622 2580 689 2630 ut
738 2568 823 2628 illi
876 2567 1235 2628 absolutioni
1286 2579 1577 2646 tanquam
1634 2566 1765 2625 voci
1816 2565 1893 2626 de

145 2652 306 2713 eoelo
346 2653 579 2713 sonanti
624 2651 958 2724 credamus»,
986 2661 1048 2711 et
1085 2649 1247 2731 quod
1287 2650 1387 2710 illa
1415 2648 1564 2709 fides
1595 2649 1655 2708 in
1688 2648 1895 2708 Chris-

144 2745 277 2795 tum
319 2756 454 2795 vere
488 2747 905 2815 consequatur,
932 2745 994 2795 et
1027 2733 1282 2815 accipiat
1309 2732 1722 2792 remissionem
1753 2753 1895 2812 pec-

146 2827 436 2878 catorum.
510 2818 707 2877 Antea
756 2816 1083 2877 immodice
1133 2816 1575 2876 extollebantur
1628 2813 1895 2873 satisfac-

147 2898 379 2959 tiones:
422 2897 561 2959 fidei
591 2911 652 2960 et
682 2900 877 2960 meriti
908 2899 1153 2973 Christi,
1183 2921 1252 2958 ac
1271 2897 1527 2977 justitiae
1558 2895 1696 2955 fidei
1728 2895 1895 2955 nulla

148 2981 334 3042 fiebat
373 2980 621 3054 menti0,
651 3004 833 3063 quare
874 2982 936 3042 in
974 2982 1089 3042 hac
1118 2993 1286 3063 parte
1319 2979 1568 3039 minime
1598 2988 1740 3037 sunt
1766 2977 1897 3038 cul-

151 3061 366 3144 pandae
394 3063 662 3125 ecclesiae
691 3076 933 3125 nostrae.
1015 3064 1178 3124 Nam
1212 3063 1330 3124 hoc
1358 3062 1539 3122 etiam
1580 3059 1894 3120 adversarii

149 3146 411 3206 tribuere
438 3145 610 3206 nobis
640 3158 955 3228 coguntur,
983 3146 1144 3227 quod
1174 3145 1445 3206 doctrina
1478 3143 1552 3203 de
1593 3144 1895 3225 poeniten-

149 3228 235 3289 tia
261 3226 716 3310 diligentissime
745 3250 780 3288 a
807 3229 1023 3290 nostris
1054 3239 1304 3289 tractata
1377 3227 1629 3287 atefacta
1658 3224 1752 3284 sit.

235 3309 355 3370 Sed
398 3310 474 3370 de
512 3309 883 3371 confessione
919 3310 1156 3382 docent,
1184 3250 1373 3390 quod)
1385 3306 1759 3369 enumeratio
1793 3305 1898 3368 de-

149 3393 430 3455 lictorum
472 3415 594 3452 non
631 3392 710 3452 sit
743 3393 1088 3465 necessaria,
1118 3413 1230 3452 nec
1259 3392 1380 3451 sint
1407 3388 1724 3450 onerandae
1752 3411 1897 3451 con-

151 3476 416 3537 scientiae
438 3496 579 3536 cura
601 3473 993 3536 enumerandi
1015 3473 1222 3535 omnia
1242 3472 1479 3546 delicta,
1500 3472 1644 3555 quia
1670 3471 1896 3556 impos-

151 3558 326 3620 sibile
353 3570 446 3620 est
473 3558 680 3618 omnia
700 3556 919 3618 delicta
940 3556 1205 3630 recitare,
1227 3566 1295 3616 ut
1314 3566 1567 3617 testatur
1586 3554 1894 3617 Psalmus:

154 3640 412 3704 Delicta
431 3642 568 3725 quis
583 3639 876 3723 intelligit
896 3641 935 3700 ‚⁹
974 3639 1135 3701 Item
1150 3638 1482 3701 Jeremias:
1510 3636 1788 3700 Pravum
1805 3645 1897 3700 est
2006 3688 2014 3693 .

1674 3776 1708 3788 l
