2418 4172
613 355 1165 409 AUGUSTANA
1218 355 1476 409 MDXL.
1826 358 1932 417 169

191 498 459 560 remissio
489 511 870 580 peccatorum
903 511 1146 582 propter
1174 498 1506 571 Christum,
1538 519 1658 556 non
1690 512 1931 580 propter

189 594 390 642 nostra
431 583 661 655 merita,
690 595 794 642 aut
832 581 1208 664 dignitatem.
1293 579 1375 639 Et
1418 601 1555 639 cum
1604 579 1719 639 hoc
1751 581 1931 641 modo

189 663 569 725 consolamur
610 686 719 725 nos
756 662 1147 744 promissione
1182 683 1285 721 seu
1316 661 1644 742 evangelio,
1672 674 1732 721 et
1761 662 1933 743 erigi-

189 766 325 807 mus
356 768 464 806 nos
494 745 630 819 lide,
658 758 821 806 certo
843 747 1269 824 consequimur
1287 743 1698 804 remissionem
1724 766 1934 826 pecca-

189 839 408 902 torum,
436 841 497 889 et
525 828 703 888 simul
732 828 909 886 datur
935 826 1108 887 nobis
1137 826 1396 908 Spiritus
1421 826 1696 886 Sanctus.
1768 826 1932 887 Nam

189 909 449 993 Spiritus
497 911 752 970 Sanctus
797 908 972 969 datur
1016 921 1076 968 et
1126 920 1217 968 est
1262 908 1470 969 efficax
1522 931 1628 991 per
1684 910 1932 970 verbum

0 990 3 997 ’
91 1031 102 1042 κ
186 992 309 1055 Dei
339 1004 401 1054 et
427 1014 536 1086 per
563 1004 950 1052 sacramenta.
1037 991 1195 1052 Cum
1234 991 1613 1073 evangelium
1657 991 1934 1052 audimus

187 1085 293 1136 aut
319 1087 674 1156 cogitamus,
697 1087 800 1134 aut
830 1086 1199 1135 sacramenta
1222 1086 1565 1147 tractamus,
1587 1085 1648 1135 et
1677 1074 1797 1135 fide
1827 1097 1934 1134 nos

187 1158 584 1231 consolamur,
613 1157 791 1217 simul
823 1169 913 1217 est
941 1158 1150 1218 efficax
1181 1157 1440 1239 Spiritus
1470 1157 1744 1230 Sanctus,
1754 1157 1936 1237 juxta

188 1238 338 1301 illud
368 1240 535 1301 Pauli
574 1239 647 1300 ad
679 1240 926 1300 Galatas
958 1240 1036 1300 iii.
1078 1239 1162 1300 Ut
1186 1241 1500 1320 promissio
1531 1262 1617 1320 ex·
1617 1239 1753 1322 fide
1777 1240 1936 1301 Jesu

199 1321 429 1384 Christi
455 1323 635 1383 detur
664 1323 1061 1384 credentibus.
1135 1321 1216 1383 Et
1246 1322 1318 1383 ad
1343 1323 1707 1397 Corinthios,
1731 1322 1937 1383 Evan—

186 1402 420 1488 gelc'um
438 1413 527 1466 est
548 1406 950 1466 ministerium
964 1405 1250 1499 Spiritus.
1276 1404 1359 1467 Et
1378 1405 1452 1466 ad
1474 1406 1732 1466 Roman.
1753 1405 1938 1467 Fides

192 1508 267 1549 ex
292 1487 509 1548 auditu
541 1496 646 1549 est.
731 1488 890 1548 Cum
937 1488 1119 1570 igitur
1158 1488 1278 1549 fide
1313 1511 1422 1549 nos
1451 1489 1849 1562 consolamur,
1875 1500 1936 1549 et

189 1569 514 1631 liberamur
554 1594 589 1630 a
631 1571 951 1631 terroribus
994 1571 1223 1652 peccati
1270 1593 1377 1653 per
1417 1571 1707 1653 Spiritum
1753 1571 1939 1631 Sanc-

189 1663 343 1726 tum,
383 1652 734 1744 concipiunt
781 1652 960 1713 corda
1006 1663 1252 1712 caeteras
1293 1653 1562 1726 virtutes,
1604 1663 1939 1733 agnoscunt

189 1754 327 1795 vere
382 1733 847 1795 misericordiam
908 1733 1049 1806 Dei,
1098 1734 1448 1815 concipiunt
1503 1756 1701 1794 veram
1754 1734 1940 1794 dilec-

188 1815 438 1891 tionem,
465 1837 672 1877 verum
704 1817 981 1877 timorem
1013 1816 1156 1890 Dei,
1185 1816 1489 1891 fiduciam,
1518 1838 1688 1897 spem
1731 1816 1936 1878 auxilii

190 1897 398 1970 divini,
427 1898 888 1975 invocationem,
916 1910 977 1959 et
1005 1899 1228 1959 similes
1255 1899 1484 1959 fructus
1514 1899 1793 1981 Spiritus.

272 1980 660 2042 Damnantur
688 1982 773 2042 illi
805 1982 909 2062 qui
938 1981 1013 2041 de
1044 1982 1158 2042 hac
1186 1981 1324 2057 fide,
1352 2003 1473 2062 qua
1503 1982 1772 2042 remissio
1800 2005 1941 2065 pec-

192 2075 461 2125 catorum
494 2064 802 2146 accipitur,
831 2064 981 2124 nihil
1014 2063 1250 2139 docent,
1273 2064 1373 2124 sed
1390 2064 1611 2143 jubent
1633 2066 1941 2126 conscien-

192 2145 307 2207 tias
342 2146 636 2219 dubitare,
667 2169 741 2206 an
772 2158 1213 2227 consequantur
1240 2146 1690 2215 remissionem;
1734 2159 1796 2208 et
1839 2148 1940 2208 ad-

192 2227 346 2289 dunt
375 2229 532 2290 hanc
559 2229 997 2290 dubitationem
1031 2251 1151 2289 non
1181 2251 1310 2289 esse
1339 2242 1676 2311 peccatum.
1762 2230 1940 2305 Item,

192 2310 412 2372 docent
452 2312 726 2372 homines
764 2312 1050 2392 consequi
1089 2312 1497 2372 remissionem
1534 2324 1939 2394 peccatorum,

192 2405 438 2476 propter
483 2394 786 2476 propriam
836 2394 1214 2475 dignitatem,
1258 2417 1378 2454 non
1431 2394 1652 2455 docent
1695 2395 1941 2455 creden-

193 2475 339 2537 dum
389 2498 536 2547 esse,
581 2476 742 2558 quod
792 2478 975 2559 gratis
1025 2490 1272 2560 propter
1309 2477 1622 2539 Christum
1667 2478 1939 2539 remissio

192 2571 576 2641 peccatorum
607 2559 879 2621 donetur.

276 2640 665 2703 Damnantur
706 2643 853 2704 item
898 2643 1202 2726 phanatici
1248 2644 1508 2726 spiritus,
1550 2644 1653 2725 qui
1702 2645 1942 2725 fingunt

197 2722 487 2805 Spiritum
546 2725 836 2787 Sanctum
887 2726 1035 2800 dari,
1085 2739 1189 2787 aut
1244 2726 1549 2788 efficacem
1610 2749 1756 2798 esse,
1812 2727 1939 2786 sine

198 2806 380 2866 verbo
405 2806 565 2875 Dei;
608 2821 666 2868 et
695 2809 775 2869 ob
802 2831 937 2869 eam
969 2831 1207 2870 causam
1242 2822 1639 2871 contemnunt
1673 2808 1942 2868 ministe-

198 2886 352 2948 rium
395 2890 683 2971 evangelii
728 2903 790 2951 et
831 2904 1361 2964 sacramentorum,
1389 2904 1450 2952 et
1488 2902 1765 2972 quaerunt
1803 2891 1938 2958 inu.

200 2970 556 3031 minationes
597 2972 723 3033 sine
760 2975 940 3035 verbo
970 2975 1090 3035 Dei
1129 2988 1189 3035 et
1227 2987 1395 3035 extra
1423 2973 1821 3055 evangelium,
1853 2984 1941 3034 at-

200 3074 319 3134 que
361 3053 443 3114 ita
485 3054 1066 3118 abducuntffinimos
1109 3080 1144 3117 a
1185 3058 1369 3118 verbo
1402 3057 1520 3117 Dei
1560 3055 1632 3116 ad
1673 3055 1939 3137 proprias

198 3135 530 3217 opiniones,
563 3137 725 3219 quod
768 3149 859 3199 est
901 3140 1488 3222 perniciosissimum.
1572 3139 1750 3198 Tales
1792 3137 1940 3199 olim

200 3217 443 3279 fuerunt
483 3219 830 3293 Manichoei,
867 3222 1272 3296 enthusiastae,
1301 3234 1360 3283 et
1401 3244 1564 3282 nunc
1609 3236 1749 3282 sunt
1777 3221 1941 3281 Ana-

201 3301 499 3383 baptistae.
585 3301 954 3381 Hujusmodi
1017 3304 1243 3364 furores
1298 3316 1637 3365 constanter
1691 3302 1943 3364 damna·

202 3405 358 3456 mus,
386 3384 629 3445 abolent
666 3385 829 3445 enim
872 3406 1078 3445 verum
1120 3407 1293 3445 usum
1335 3386 1497 3446 verbi
1529 3385 1669 3459 Dei,
1697 3397 1758 3447 et
1790 3386 1941 3447 falso

201 3466 506 3527 somniant
542 3469 668 3528 sine
705 3468 886 3527 verbo
915 3466 1035 3528 Dei
1074 3468 1263 3550 accipi
1303 3467 1596 3550 Spiritum
1631 3468 1941 3544 Sanctum,

202 3548 423 3611 ‘etii-eti
453 3550 573 3611 suis
601 3550 985 3633 opinionibus
1014 3549 1555 3612 comminiscuntur
1579 3551 1770 3635 impia
1795 3550 1943 3634 dog-

205 3642 383 3704 mata,
412 3644 472 3694 et
499 3633 766 3695 efficiunt
794 3633 1092 3706 infinitam
1123 3633 1590 3716 dissipationem.
1830 3676 1833 3680 1
1923 3671 1927 3675 -

1677 3776 1711 3789 l
