2418 4172
806 360 1342 414 HELVETICA.
1828 367 1934 421 107

195 503 380 568 Unde
404 502 722 566 munus
739 513 1111 564 sacramenta
1132 523 1251 562 non
1276 501 1471 562 solum
1495 513 1742 564 tesseras
1763 527 1940 586 quas-

190 586 334 649 dum
362 585 661 648 societatis
688 584 1068 659 Christianae,
1089 583 1193 645 sed
1222 596 1285 645 et
1312 584 1519 665 gratiae
1540 583 1758 647 divinae
1779 608 1940 668 sym.

191 669 331 732 bola
369 690 520 764 esse,
553 667 779 762 quibus
818 666 1073 762 ministri
1116 666 1511 761 Dominopd
1554 688 1692 729 eum
1738 670 1940 745 finem,

189 772 547 908 :¹:533
583 748 1941 915 gffifftassffeess‘ssiekiffisskffiffiffssffussi

188 916 389 980 omnis
414 916 602 977 virtus
631 915 895 976 salvifica
924 914 1028 975 uni
1056 914 1329 975 Domino
1357 915 1802 976 transcribatur.

197 1051 204 1058 .
246 998 456 1061 ·XX1.
483 998 801 1081 Baptisma
839 997 1108 1079 quidem,
1143 1018 1220 1058 ex
1263 997 1640 1058 institutione
1667 997 1942 1073 Domini,

190 1082 490 1144 lavacrum
527 1080 1012 1164 regenerationis,
1038 1081 1216 1162 quale
1245 1080 1550 1141 Dominus
1586 1080 1791 1143 electis
1821 1082 1941 1143 suis'

188 1163 410 1228 visibili
446 1164 620 1260 signo
657 1186 765 1247 per
800 1164 1070 1259 ecclesiae
1112 1163 1532 1257 ministerium,
1560 1163 1815 1244 qualiter
1843 1187 1943 1225 su·

188 1269 368 1392 2¹00*
366 1267 472 1391 Ἥ
473 1268 535 1391 ιζ’
533 1259 668 1391 ζῗὲζ
699 1245 1942 1410 ffsstffi'ffsssszoffssssgffiissff‘guo‘„aaliz

192 1411 386 1486 uobis,
424 1412 530 1495 qui
572 1412 835 1496 populus
876 1411 1128 1473 Domini
1178 1433 1408 1485 sumus,
1450 1411 1684 1493 genitos
1731 1412 1940 1496 populi

188 1494 313 1558 Des
349 1495 650 1558 consortio
685 1494 931 1575 rejicere
967 1494 1133 1555 nefas
1171 1505 1282 1569 est,
1309 1505 1549 1555 tantum
1589 1517 1712 1556 non
1740 1495 1943 1556 divina

188 1597 341 1640 νοω
373 1577 492 1639 bac
525 1576 887 1659 designatos,
915 1576 1243 1659 praesertim
1272 1598 1412 1638 cum
1444 1576 1522 1637 de
1549 1598 1756 1638 eorum
1786 1578 1944 1638 elec-

187 1657 482 1804 Ἢ
504 1669 598 1719 est
623 1658 1137 1742 praesumendum.

523 1739 801 1801 Coenam.
822 1761 968 1800 vero
1002 1738 1343 1820 mysticam,
1373 1738 1434 1798 in
1480 1759 1603 1819 qua
1638 1738 1943 1801 Dominus

434 1834 498 1885 et
521 1822 879 1905 sanguinem
910 1844 1108 1897 suum,
1129 1820 1190 1882 id
1221 1831 1333 1892 est,
1360 1820 1626 1904 seipsum
1658 1822 1780 1883 suis
1810 1844 1945 1884 vem

187 1844 431 1969 m
468 1906 695 1980 offerat,
723 1916 797 1967 ut
829 1928 931 1967 ma
975 1905 1024 1966 is
1066 1904 1384 1987 magisque
1420 1903 1481 1964 in
1526 1903 1642 1965 illis
1674 1905 1856 1979 vivat,
1883 1916 1945 1967 et

189 1989 280 2052 illi
321 1989 388 2051 in
427 1989 597 2072 ipso:
637 2011 759 2050 non
799 2011 880 2070 qu
1001 1987 1142 2070 pani
1183 1998 1245 2048 et
1271 1987 1414 2047 vino
1442 2009 1659 2070 corpus
1686 1988 1944 2050 Domini

189 2082 255 2135 et
293 2072 536 2155 unguis
577 2071 671 2133 vel
716 2070 1066 2132 naturaliter
1110 2070 1409 2144 uniantur,
1437 2069 1541 2130 sed
1578 2071 1740 2151 quod
1771 2072 1944 2154 panis

176 2154 491 2222 'etvinum
520 2176 597 2216 ex
625 2153 1005 2215 institutione
1032 2152 1286 2213 Domini
1325 2152 1604 2235 symbola
1641 2154 1782 2229 sint,
1809 2154 1945 2236 qui-

193 2238 308 2299 bus
342 2238 422 2299 ab
458 2236 591 2320 ipso
618 2237 911 2309 Domino,
933 2258 1047 2330 per
1078 2234 1345 2297 ecclesiae
1377 2234 1777 2299 ministerium
1804 2258 1945 2297 vera

190 2319 455 2404 arpotis
478 2331 539 2381 et
562 2320 873 2401 sanguinis
893 2341 1024 2398 ejus
1045 2317 1519 2379 communicatio
1539 2340 1663 2380 non
1693 2319 1754 2380 in
1784 2318 1946 2403 peri·

191 2412 393 2465 turum
422 2402 647 2464 ventris
674 2402 900 2472 cibum,
930 2400 1035 2462 sed
1065 2400 1125 2460 in
1155 2411 1391 2461 aeternae
1419 2402 1560 2461 vitae
1594 2402 1943 2463 alimoniam

189 2485 567 2548 exhibeatur.
638 2485 782 2546 Hoc
810 2507 977 2545 sacro
1005 2484 1145 2545 cibo
1174 2483 1311 2543 ideo
1339 2506 1497 2566 saepe
1530 2483 1776 2557 utimur,
1797 2506 1948 2565 quo-

190 2568 357 2632 niam
386 2567 567 2649 hujus
598 2569 832 2629 monitu
861 2569 923 2627 in
954 2567 1222 2628 crucifixi
1255 2578 1533 2641 mortem,
1563 2568 1946 2649 sanguinem-

193 2673 315 2746 que
350 2650 495 2712 fidei
537 2651 728 2713 oculis
770 2652 1091 2724 intuentes„
1121 2672 1191 2711 ac
1219 2650 1472 2710 salutem
1516 2661 1778 2711 nostram
1820 2672 1943 2711 non

193 2755 322 2795 sine
355 2734 622 2799 ,coelestis
659 2734 799 2795 vitae
840 2745 1020 2815 gustu
1060 2746 1123 2794 et
1158 2754 1298 2793 vero
1331 2733 1472 2793 vitae
1500 2745 1735 2794 aeternae
1765 2755 1944 2792 sensu

195 2814 571 2891 meditantes,
593 2816 711 2878 hoc
738 2816 1052 2898 spirituali,
1072 2816 1332 2889 vivific0,
1354 2815 1689 2895 intimoque
1719 2815 1943 2897 pabulo

196 2897 477 2960 ineffabili
534 2921 677 2960 cum
732 2899 1026 2960 suavitate
1082 2899 1404 2968 reficimur,
1442 2921 1515 2958 ac
1564 2897 1942 2958 inenarrabili

196 2979 359 3042 verbi
398 2980 609 3043 laetitia
685 2995 887 3065 ropter
913 2982 1218 3042 inventam
1250 2981 1434 3041 vitam
1466 2980 1825 3054 exultamus,
1852 2994 1945 3040 to-

196 3061 365 3145 tique
411 3085 482 3125 uc
528 3064 635 3125 viri
682 3087 752 3126 us
791 3065 1040 3126 omnino
1090 3064 1306 3124 nostris
1361 3063 1642 3123 omnibus
1692 3063 1755 3122 in

197 3145 417 3206 tiarum
460 3146 755 3207 actionem
806 3159 930 3207 tam
981 3170 1091 3230 pro
1141 3145 1490 3207 admirando
1532 3146 1758 3205 Christi
1803 3166 1945 3226 erga

195 3248 307 3289 nos
335 3227 629 3289 beneficio
655 3229 1035 3290 effundimur.
1079 3230 1294 3310 Itaque
1317 3228 1618 3289 immerito
1649 3229 1718 3287 fit
1740 3239 1943 3289 nostro

197 3309 487 3384 maximo,
527 3310 691 3392 quod
738 3310 983 3392 quidam
1035 3334 1145 3372 nos
1192 3333 1406 3394 parum
1453 3311 1712 3370 tribuere
1763 3310 1944 3371 sacris

196 3393 490 3478 symbolis
517 3404 754 3477 putant.
838 3394 996 3454 Sunt
1022 3394 1186 3453 enim
1219 3394 1347 3454 baec
1374 3415 1465 3453 res
1499 3404 1738 3467 sanctoe,
1766 3413 1945 3455 vene-

196 3475 535 3559 randaeque,
565 3488 775 3560 utpote
817 3498 851 3536 a
893 3497 1136 3537 summo
1174 3475 1477 3536 sacerdote
1505 3474 1748 3536 Christo
1776 3475 1948 3537 insti-

198 3569 348 3622 πίω
371 3570 435 3620 et
461 3572 777 3642 susceptae,
807 3582 934 3633 suo,
962 3581 1085 3640 quo
1111 3558 1397 3631 diximus,
1429 3557 1611 3618 modo
1641 3581 1731 3619 res
1760 3558 1943 3641 signi-

201 3641 405 3705 ficatas
433 3643 804 3716 exhibentes,
835 3641 1244 3704 testimonium
1277 3642 1359 3702 rei
1383 3652 1568 3724 gestae
1589 3642 1944 3724 praebentes‚
2005 3689 2013 3693 -

1673 3776 1706 3788 l
