2418 4172
822 349 1356 404 HELVETICA.
1838 355 1936 405 101

194 492 439 558 nominc
466 492 743 567 Domini,
767 492 1074 575 suscipiat,
1098 490 1279 552 modo
1308 490 1537 574 primus
1568 512 1774 572 pacem
1813 517 1939 553 rno-

192 575 293 639 dis·
313 576 595 638 omnibus
668 574 941 648 uaesierit,
969 596 1081 635 nec
1113 574 1284 635 aliter
1311 573 1422 634 nisi
1454 573 1614 633 bello
1648 595 1784 633 suos
1821 598 1939 635 ser-

191 678 331 719 vare
371 659 578 742 possit.
721 671 747 720 t
777 658 926 719 dum
958 658 1088 718 baec
1116 678 1191 717 ex
1223 655 1341 716 fide
1370 655 1514 716 facit
1542 656 1940 748 magistratus,

192 739 311 801 illis
339 741 484 825 ipsis
513 741 793 824 operibus
822 753 890 800 ut
917 761 1052 800 vere
1083 739 1256 799 bonis
1287 738 1425 798 Deo
1454 738 1715 811 inservit,
1738 761 1806 797 ac
1838 741 1938 798 be-

192 821 596 886 nedictionem
644 846 680 885 a
722 823 995 884 Domino
1044 821 1279 904 accipit.
1365 820 1751 882 Damnamus
1803 843 1941 881 ana·

192 904 270 967 ba
314 906 503 981 tistas,
543 906 650 987 qui
698 916 766 967 ut
807 904 1221 966 Christianum
1276 914 1500 987 negant
1548 903 1716 984 fungi
1769 925 1941 985 posse

294 987 391 1050 cio
431 989 834 1072 magistratus,
877 988 960 1048 ita
1010 988 1192 1049 etiam
1245 997 1469 1070 negant
1517 1007 1860 1067 quenquam
1911 1010 1944 1047 a

192 1071 545 1155 magistratu
593 1071 760 1152 juste
815 1070 1029 1145 occidi,
1082 1083 1184 1131 aut
1240 1070 1654 1152 magistratum
1715 1070 1941 1129 bellum

191 1174 397 1239 gerere
438 1176 633 1239 posse,
667 1165 770 1216 aut
802 1154 1150 1235 juramenta
1193 1152 1565 1236 magistratui
1611 1152 1944 1235 praestanda

192 1258 341 1312 esse,
368 1239 479 1300 διο.

277 1319 451 1383 Sicut
488 1320 649 1382 enim
681 1319 853 1380 Deus
890 1319 1145 1381 salutem
1268 1319 1394 1403 puli
1435 1319 1524 1380 sui
1556 1317 1785 1400 operari
1818 1319 1946 1378 vult

194 1424 306 1498 per
330 1424 392 1465 m
476 1402 768 1473 'stratum,
843 1423 977 1463 uem
1012 1342 1266 1463 muncsso
1270 1402 1455 1463 veluti
1486 1412 1716 1484 patrem
1750 1399 1942 1460 dedit:

196 1494 283 1547 tta
314 1507 384 1547 su
473 1485 538 1547 iti
568 1506 779 1546 omnes
853 1507 926 1546 oc
952 1483 1073 1545 Dei
1105 1484 1466 1545 beneficium
1500 1485 1560 1544 in
1593 1483 1944 1565 magistratu

197 1588 518 1650 agnoscere
535 1567 848 1647 jubentur.
934 1566 1255 1627 Honorent
1290 1589 1434 1648 ergo
1471 1578 1532 1627 et
1571 1577 1949 1625 revereantur

196 1649 639 1732 magistratum,
658 1660 950 1728 tanquam
973 1648 1093 1708 Dei
1127 1649 1467 1708 ministrum
1490 1671 1506 1708 ι
1557 1659 1762 1707 ament
1783 1669 1946 1720 eum,

195 1730 437 1795 faveant
462 1730 539 1805 ei,
557 1742 620 1791 et
646 1742 820 1791 orent
849 1751 956 1812 pro
986 1729 1091 1790 illo
1112 1741 1402 1811 tanquam
1428 1751 1538 1812 pro
1560 1740 1762 1811 patre:
1805 1730 1949 1788 obe-

194 1813 367 1877 diant
404 1814 552 1876 item
597 1813 880 1874 omnibus
920 1812 1049 1893 ejus
1081 1812 1263 1893 justis
1301 1824 1362 1873 et
1394 1812 1582 1893 oequis
1614 1811 1946 1871 mandatis:

196 1895 460 1980 denique
487 1896 756 1980 pendant
776 1895 1091 1978 vectigalia
1112 1907 1292 1977 atque
1315 1894 1559 1969 tributa,
1580 1905 1642 1955 et
1668 1915 1804 1974 quae
1834 1894 1949 1954 alia

199 1979 382 2061 huius
423 1979 657 2061 generis
698 1979 903 2040 debita
943 1990 1104 2053 sunt,
1133 1978 1388 2039 fideliter
1430 1990 1612 2059 atque
1655 1977 1947 2037 libenter:

199 2074 264 2125 et
303 2062 353 2124 si
395 2062 554 2123 salus
596 2062 859 2145 publica,
886 2062 1187 2144 patriaeve‚
1215 2073 1277 2121 et
1303 2061 1542 2141 justitia
1582 2060 1861 2139 requirat,
1890 2071 1951 2120 et

200 2145 582 2227 magistratus
623 2166 700 2205 ex
742 2142 1095 2205 necessitate
1142 2144 1367 2204 bellum
1420 2142 1725 2226 suscipiat,
1766 2142 1953 2224 depo-

201 2239 352 2290 nant
390 2227 572 2290 etiam
611 2227 797 2288 vitam
837 2238 900 2287 et
938 2226 1196 2287 fundant
1236 2227 1592 2309 sanguinem
1620 2247 1731 2307 pro
1759 2226 1952 2286 salute

286 2309 445 2372 blica
485 2309 1006 2391 magistratusque,
1041 2319 1103 2369 et
1145 2309 1389 2390 quidem
1436 2309 1497 2369 in
1540 2308 1660 2369 Dei
1703 2308 1952 2369 nomine

323 2403 475 2464 nter,
501 2391 736 2453 fortiter
761 2403 823 2453 et
852 2391 1138 2452 alacriter.
1228 2392 1350 2460 Qui
1381 2391 1542 2452 enim
1577 2390 1952 2472 magistratui

201 2475 567 2559 se'opponit,
594 2475 743 2536 iram
774 2475 896 2536 Dei
927 2496 1166 2556 gravem
1199 2474 1259 2534 in
1293 2496 1356 2534 se
1384 2484 1684 2556 provocat.

283 2557 668 2621 Damnamus
695 2558 900 2639 itaque
926 2579 1136 2618 omnes
1167 2557 1548 2639 magistratus
1576 2567 1955 2639 contempto·

201 2662 317 2717 res,
341 2641 612 2716 rebelles,
640 2641 871 2724 reipub.
901 2641 1124 2713 hostes,
1150 2651 1214 2700 et
1254 2639 1564 2701 seditiosos
1603 2640 1954 2712 nebulones,

203 2721 464 2805 denique
489 2746 700 2786 omnes
729 2735 1030 2805 quotquot
1061 2722 1257 2785 officia
1293 2722 1496 2784 debita
1535 2734 1831 2805 praestare,
1859 2722 1952 2782 vel

204 2804 404 2890 pdam
434 2806 529 2867 vel
558 2818 683 2868 arte
710 2818 991 2868 renuunt.

289 2887 552 2950 Oramus
579 2889 787 2951 Deum
822 2890 1060 2950 Patrem
1092 2900 1361 2949 nostrum
1398 2889 1457 2948 in
1486 2888 1658 2948 coelis
1687 2887 1953 2947 clemen-

206 2969 532 3047 tissimum,
574 2982 643 3032 ut
732 2972 1062 3055 'rincipibus
1109 2972 1338 3054 populi,
1382 2970 1554 3031 nobis
1601 2990 1844 3051 quoque
1893 2979 1956 3029 et

208 3052 487 3114 universo
526 2994 753 3137 populb
793 3077 923 3129 suo,
964 3054 1299 3127 benedicat,
1341 3076 1448 3137 per
1486 3052 1702 3113 Jesum
1747 3050 1957 3112 Chris-

207 3147 339 3196 tum
371 3134 710 3198 Dominum
740 3149 803 3198 et
829 3139 1203 3198 Servatorem
1235 3149 1504 3197 nostrum
1532 3136 1814 3197 unicumz
1857 3134 1954 3195 cui

208 3218 339 3278 laus
378 3230 443 3278 et
482 3218 671 3299 gloria
712 3242 782 3282 ac
825 3219 1147 3302 gratiarum
1193 3219 1350 3281 actio
1394 3220 1454 3279 in
1495 3219 1697 3280 secula
1732 3216 1958 3278 seculo-

208 3321 364 3375 rum,
390 3300 606 3361 Amen.

1077 3729 1186 3778 113
