2418 4172
506 752 1098 827 BASILIENSIS
1147 753 1342 824 VEL
1391 754 2052 828 MYLHUSIANA

887 962 1364 1027 CONFESSIO
1394 964 1661 1039 FIDEI,

678 1158 854 1201 Anno
879 1156 1170 1200 unxxxn.
1196 1156 1451 1202 SCRIPTA
1476 1159 1856 1211 Gemma,

882 1319 1077 1373 Latine
1098 1298 1294 1372 mma
1318 1318 1477 1374 1561.
1504 1320 1662 1374 1581.

1092 1485 1462 1528 *-

403 1646 454 1707 1.
484 1626 966 1706 CREDIMUS
995 1642 1055 1702 in
1078 1641 1287 1703 Deum
1310 1642 1569 1717 Patrem,
1591 1641 1651 1702 in
1672 1641 1881 1704 Deum
1904 1641 2151 1717 Filium,

401 1728 463 1790 in
496 1726 703 1789 Deum
743 1725 1036 1808 Spiritum
1067 1724 1380 1800 Sanctum,
1408 1736 1677 1787 sanctam
1721 1724 1988 1787 divinam
2017 1726 2152 1791 '1¹:5⁴

401 1811 689 1872 nitatem:
732 1819 852 1869 tres
881 1808 1190 1882 Personas,
1218 1819 1279 1869 et
1312 1830 1506 1869 unum
1537 1819 1829 1870 oeternum
1872 1809 2152 1893 omnipo-

400 1904 631 1955 tentem
662 1891 892 1966 Deum,
920 1889 1249 1951 secundum
1282 1890 1680 1952 substantiam
1709 1902 1774 1951 et
1805 1892 2152 1967 essentiam,

401 1987 465 2038 et
489 1997 613 2037 non
642 1987 761 2036 tres
792 1973 976 2034 Deos.
1063 1973 1356 2035 Probatur
1386 1974 1502 2035 hoc
1525 1993 1605 2033 ex
1633 1973 1844 2034 multis
1877 1974 2026 2036 locis
2053 1985 2154 2036 to-

401 2058 522 2120 tius
548 2058 859 2140 scripturae
887 2054 1121 2116 Veteris
1150 2068 1211 2116 et
1238 2054 1401 2116 Novi
1429 2054 1827 2118 Testamenti.
2147 2080 2149 2084 ’

484 2140 807 2203 Credimus
833 2138 1017 2199 etiam
1040 2138 1247 2199 Deum
1270 2139 1481 2200 omnia
1501 2158 1733 2199 creasse
1752 2159 1861 2221 per
1881 2137 2150 2200 Verbum

401 2244 582 2285 suum
622 2233 955 2284 aeternum:
999 2219 1062 2281 id
1103 2231 1215 2295 est,
1250 2241 1360 2304 per
1401 2242 1579 2283 suum
1621 2221 2009 2303 unigenitum
2053 2221 2157 2284 R·

403 2306 591 2367 lium:
634 2317 697 2366 et
725 2303 932 2367 omnia
961 2314 1297 2365 sustentare
1323 2304 1678 2384 efficereque
1710 2325 1822 2387 per
1857 2303 2152 2388 Spin-itum

404 2410 603 2462 suum,
631 2387 694 2448 id
724 2398 832 2461 est,
853 2386 910 2447 vi
934 2386 1191 2478 propria.
1250 2385 1519 2468 Ideoque
1545 2386 1755 2447 Deum
1784 2386 2010 2461 omnia,
2037 2386 2156 2448 sie·

407 2471 493 2531 uti
526 2470 766 2543 creavit,
795 2467 1104 2550 providere
1134 2490 1203 2529 ac
1232 2470 1581 2562 gubernare.
1612 2469 1834 2529 Genea.
1852 2468 1893 2530 i.
1918 2468 2155 2531 sommi.

414 2564 437 2613 1
478 2552 732 2633 Paralip.
760 2548 928 2611 xxix.
958 2550 1096 2611 Act.
1126 2551 1270 2611 xvii.
1335 2551 1509 2612 Hinc
1535 2552 1899 2612 confitemur
1925 2550 2157 2626 Deum,

407 2645 734 2715 antequam
797 2631 1091 2693 mundum
1149 2645 1422 2707 creasset,
1457 2655 1559 2693 eos
1616 2655 1828 2694 omnes
1885 2633 2156 2717 elegisse,

452 2739 561 2778 uos
615 2714 960 2777 hoereditate
1015 2726 1255 2777 aeternae
1306 2715 1694 2776 beatitudinis
1741 2714 1965 2778 donare
2008 2716 2155 2778 vult.

510 2820 592 2860 m.
624 2797 747 2859 viii.
770 2797 848 2858 ix.
881 2797 961 2857 xi.
991 2795 1217 2880 Ephes.
1251 2798 1289 2859 i.

495 2881 582 2943 11.
612 2880 993 2941 Confitemur
1022 2880 1328 2941 hominem
1362 2881 1440 2941 ab
1468 2879 1643 2940 initio
1671 2879 2005 2942 secundum
2034 2879 2157 2943 Dei

411 2964 760 3046 imaginem,
783 2961 1109 3042 justitiam,
1139 2974 1201 3023 et
1243 2962 1621 3023 sanctitatem
1667 2985 1702 3023 a
1744 2962 1885 3024 Deo
1926 2963 2158 3047 integre

411 3047 659 3109 factum.
732 3044 846 3106 Est
873 3056 1076 3106 autem
1107 3066 1213 3106 sua
1242 3058 1457 3128 sponte
1486 3044 1687 3127 lapsus
1716 3045 1780 3107 in
1811 3057 2157 3129 peccatum:

411 3151 519 3213 per
549 3149 732 3211 quem
774 3127 1011 3211 lapsum
1051 3138 1248 3189 totum
1297 3129 1634 3189 humanum
1680 3149 1871 3209 genus
1913 3148 2162 3212 corrup-

412 3225 544 3273 tum
573 3222 636 3273 et
662 3209 1036 3273 damnationi
1066 3210 1399 3272 obnoxium
1431 3212 1656 3271 sactum
1685 3223 1795 3272 est.
1859 3210 2028 3273 Hinc
2054 3230 2159 3271 na-

413 3307 545 3356 tura
581 3304 780 3355 nostra
810 3292 1020 3355 vitiata
1057 3303 1168 3365 est,
1199 3315 1268 3355 ac
1311 3293 1371 3354 in
1418 3303 1649 3355 tantam
1692 3291 2154 3377 propensionem

415 3376 489 3437 ad
533 3387 847 3459 peccatum
891 3374 1154 3450 devenit,
1190 3386 1259 3438 ut
1301 3375 1413 3437 nisi
1458 3374 1670 3438 eadem
1716 3397 1820 3470 per
1860 3372 2178 3469 Spiritum·

416 3457 701 3551 Sanctugn
728 3457 1181 3553 redintegretur,
1202 3458 1386 3553 homo
1404 3480 1514 3543 per
1533 3480 1598 3520 se
1621 3456 1772 3519 nibil
1796 3457 1937 3518 bom
1959 3453 2158 3530 faciat,

417 3553 520 3600 aut
549 3540 708 3600 velit.
738 3540 893 3601 Gen.
925 3562 1008 3601 ιιι.
1030 3555 1093 3602 et
1122 3563 1175 3601 v.
1206 3553 1267 3603 et
1295 3563 1373 3602 νι.
1402 3551 1463 3602 et
1492 3559 1616 3602 vin.
1654 3539 1837 3602 Rom.
1865 3557 1922 3600 v,
1972 3548 1996 3601 1
2034 3536 2159 3600 Co-

417 3621 726 3682 rinth-xv.
766 3620 990 3703 Ephes.
1018 3622 1078 3682 ii.
1120 3622 1301 3684 Joan.
1332 3622 1414 3683 iii.
1462 3620 1643 3683 Rom.
1672 3620 1758 3682 iii.
1800 3619 1953 3682 Pul.
1970 3618 2156 3683 cxliii.

2347 143 2356 151 .

2367 462 2413 1910 ‘afim-woffss-m-ae
2377 419 2382 425 Δ
2353 182 2386 383 σ··ἰ”··.’<
2368 104 2384 147 -1

2412 1831 2415 1839 „‚
2408 824 2412 826 .
2399 751 2402 754 ⁴
2403 631 2410 646 ,ι
2397 299 2413 586 acm
2397 69 2418 165 “''·-x†
2394 44 2406 53 ¹

2385 1924 2398 2018 ἑ

2380 2026 2399 2107 ³
