2418 4172
509 360 619 411 342
1146 356 1628 412 CONFESSIO

508 499 927 581 justificandos
971 497 1192 560 nullius
1239 509 1381 560 sunt
1429 520 1670 582 prorsus
1719 501 2035 562 momenti.
2119 498 2270 562 Fide

511 582 680 645 'enim
723 584 782 644 in
814 582 1059 644 Christo
1089 581 1516 661 justificamur,
1544 593 1606 643 et
1643 580 1888 663 quidem
1918 583 2268 666 priusquam

519 666 678 728 bona
726 666 848 728 ulla
896 686 1079 747 opera
1128 664 1512 726 ediderimus.
1594 664 1817 746 Neque
1865 665 2271 748 enirnmsgis

523 760 663 810 ante
709 749 891 810 fidem
935 769 1116 842 opera
1157 759 1360 809 nostra
1404 748 1561 809 bona
1602 770 1732 810 esse
1774 758 2061 830 possunt,-
2084 765 2270 829 quam

523 830 754 896 fructus
793 833 1017 894 arboris
1057 831 1220 904 boni,
1249 830 1600 913 priusquam
1630 830 1805 891 arbor
1834 832 1992 893 bona
2020 830 2151 913 ipse
2176 828 2274 893 fu-

525 913 656 975 erit.
741 914 1025 976 Facimus
1067 914 1251 994 igitur
1293 914 1450 975 bona
1492 913 1736 994 quidem
1782 935 1984 996 opera,
2009 912 2114 974 sed
2146 933 2271 976 non

525 1007 593 1058 ut
631 997 855 1077 aliquid
900 997 970 1056 iis
1009 1017 1473 1077 promereamur.
1558 995 1723 1065 Quid
1758 997 1920 1058 enim
1951 994 2275 1079 promereri

525 1078 883 1162 possemus?
927 1077 1223 1146 Quinimo
1249 1078 1388 1140 Deo
1426 1079 1621 1159 magis
1658 1079 1973 1160 magisque
2006 1077 2082 1141 ed
2115 1079 2275 1140 bona

526 1183 707 1303 3¹33}ss
752 1159 2278 1317 ‘⁸523‘.¹J?33,“¹.¹:⁸{2.2⁰¹⁰13⁸.3}‘.⁸12‘}ff³;3332‚¹35:ss

525 1326 803 1398 velimus,
830 1336 893 1386 et
920 1336 989 1385 ut
1016 1322 1327 1398 faciamus,
1354 1263 1751 1418 proqgratuita
1778 1346 1889 1385 sua
1915 1323 2278 1386 benevolen-

526 1407 628 1469 tia.
716 1407 901 1470 Unde
938 1406 1011 1468 ad
1050 1406 1202 1468 illud
1230 1408 1405 1467 nobis
1432 1428 1672 1491 semper
1697 1419 1790 1469 est
1814 1405 2280 1491 respiciendum,

525 1490 686 1571 quod
731 1490 1023 1573 scriptum
1067 1500 1176 1564 est,
1210 1490 1419 1555 Quum
1417 1487 1712 1573 feceritis
1738 1490 1940 1553 omnia
1964 1511 2098 1574 qua
2118 1510 2278 1571 pree·

530 1582 704 1654 cepta
739 1582 881 1635 sunt
915 1574 1101 1647 vobis,
1130 1573 1331 1646 dicite,
1358 1574 1522 1635 servi
1557 1573 1806 1636 inutiles
1835 1594 2047 1636 sumus
2068 1597 2091 1635 .·
2112 1593 2278 1635 man

528 1657 692 1739 quod
718 1657 1029 1718 debuimus
1030 1654 1279 1740 facere,
1300 1654 1710 1751 becses-imus.
1780 1657 1965 1718 Porro
1991 1677 2125 1749 non·
2135 1654 2280 1718 ideo

526 1739 1953 1903 :¹35²‘3‘5‘m22'¹2²..L'0342t3’1’252ff0532233:¹13·
1978 1759 2084 1902 qm*
2050 1760 2092 1832 '·''
2115 1759 2277 1882 5:11:

527 1926 635 1966 sua
663 1904 727 1967 in
757 1904 932 1966 nobis
960 1915 1224 1965 coronet.
1289 1903 1600 1966 Caeterum
1620 1904 1896 1983 quamvis
1916 1904 2278 1987 bonaopera

525 1987 838 2062 faciamus,
881 2005 1263 2067 nequaquam
1276 2009 1281 2022 ¹-
1307 1992 1515 2047 tamen
1561 1986 1747 2047 ullam
1799 1986 2278 2071 salutissnostrn

527 2092 696 2153 spem
749 2069 810 2129 in
861 2069 979 2129 illis
1028 2068 1332 2151 ponimus.
1414 2066 1607 2128 Nulla
1661 2068 1823 2128 enim
1874 2066 2280 2151 open-sedem

521 2173 845 2235 possumus
889 2173 1024 2232 quoe
1068 2169 1187 2212 non
1227 2150 1348 2213 sint
1385 2150 1579 2216 carnis
1607 2162 1823 2214 nostrie
1851 2150 2279 2233 vitiopollnta,

526 2257 597 2296 ac
651 2233 911 2316 proinde
959 2233 1260 2316 supplicio
1313 2233 1636 2317 poenisque
1690 2233 1891 2318 digna.
1976 2232 2159 2303 Quod
2224 2233 2276 2295 si

522 2317 708 2380 etiam
739 2317 984 2398 aliquod
1012 2316 1309 2397 ejusmodi
1340 2339 1492 2400 opus
1515 2316 1780 2399 proferre
1841 2316 2128 2391 uiremus,
2148 2316 2278 2379 sola

523 2411 729 2464 tamen
816 2400 1006 2463 eccati
1049 2399 1381 2463 recordatio
1421 2400 1719 2462 sufficeret
1859 2398 2030 2464 ‚illud
2065 2421 2105 2461 e
2134 2421 2280 2463 oon-

525 2493 735 2566 spectu
831 2483 884 2544 ei
929 2482 1383 2545 removendum.
1455 2480 1684 2562 ,Itaque
1724 2504 1963 2565 semper
1994 2482 2058 2544 in
2087 2481 2280 2544 dubio

525 2577 707 2646 atque
738 2566 882 2627 hinc
909 2564 1048 2626 inde
1076 2566 1438 2644 fluctuantes
1462 2577 1750 2639 essemus,
1775 2575 1838 2628 et
1868 2564 2101 2626 misem
2137 2586 2277 2626 nos-

521 2660 627 2710 trae
669 2647 1051 2709 conscientias
1092 2668 1331 2730 semper
1369 2658 1744 2719 vexarentur,
1772 2645 1889 2709 nisi
1928 2646 2109 2709 unico
2148 2668 2279 2708 me-

524 2731 641 2793 rito
670 2731 900 2802 mortis,
928 2741 988 2792 et
1016 2730 1310 2813 passionis
1337 2731 1665 2793 Servatoris
1699 2730 1884 2792 nostri
1924 2729 2280 2805 niterentur,

523 2825 585 2876 et
614 2813 678 2874 in
707 2812 813 2874 ino
841 2813 1305 2895 acquiescerent.
2275 2856 2280 2866 ·

605 2895 814 2958 XXV.
843 2895 1165 2959 Credimus
1203 2917 1415 2957 omnes
1454 2894 1820 2957 ceremonias
1849 2906 1911 2957 et
1938 2895 2160 2978 figures
2191 2894 2278 2956 le-

525 2980 637 3062 gis,
657 3001 870 3042 omnes
898 2978 1160 3060 denique
1181 2979 1425 3041 umbras
1448 3000 1709 3041 cessasse
1728 2977 1958 3041 Christi
1975 2977 2239 3040 adventu
2257 3000 2279 3040 ε

526 3065 677 3125 adeo
723 3073 789 3124 ut
838 3083 1043 3124 earum
1130 3083 1330 3143 uoque
1373 3083 1516 3123 usus
1559 3062 1719 3124 inter
1743 3060 2277 3141 Christianosjan

525 3144 655 3208 tolli
696 3144 1039 3227 abolerique
1123 3146 1315 3207 ebeat.
1402 3145 1652 3207 Interim
1690 3155 2280 3226 tamen-manet-no-

525 3228 620 3291 bis
660 3228 897 3291 illarum
931 3227 1149 3290 veritas
1187 3237 1252 3289 et
1290 3228 1624 3291 substantia
1660 3228 1720 3290 in
1752 3227 2016 3301 Christo,
2044 3226 2110 3290 in
2150 3245 2278 3308 quo

523 3333 733 3373 omnes
760 3310 1028 3394 impletae
1059 3309 1319 3373 filerunt.
1391 3310 1660 3395 Ideoque
1691 3312 1837 3395 legis
1864 3321 1928 3374 et
1955 3331 1998 3394 p

2229 3375 2239 3391 d

521 3416 655 3456 rum
685 3394 1044 3457 testimoniis
1075 3393 1275 3457 adhuc
1305 3394 1551 3468 utimur,
1573 3406 1643 3457 ut
1667 3416 1775 3456 nos
1802 3392 1964 3478 ipsos
1986 3392 2051 3453 in
2130 3397 2276 3452 van&
2382 3443 2388 3448 .

523 3477 662 3559 gelii
705 3477 980 3541 doctrina
1020 3479 1483 3541 confirmemus:
1526 3489 1590 3540 et
1622 3499 1869 3540 omnem
1907 3473 2092 3537 uitam
2134 3494 2277 3535 nos-

526 3571 679 3621 tram
719 3560 970 3623 honeste
1008 3560 1084 3622 ad
1113 3560 1232 3623 Dei
1269 3561 1521 3646 gloriam
1552 3560 1732 3640 juxte
1771 3558 1959 3641 ipsius
1994 3554 2273 3618 volunta-

526 3653 647 3702 tem
678 3664 1133 3725 componamus.
1431 3678 1433 3685 ·
