2418 4172
583 368 1139 423 AUGUSTANA
1190 367 1525 422 MDxxxl.
1820 373 1924 427 147

253 508 356 571 Ad
398 509 529 571 haee
572 511 732 572 mala
774 508 1098 571 accedebat
1136 508 1269 569 talis
1309 509 1614 592 persuasio
1641 509 1717 570 de
1746 513 1916 585 votis,

171 611 355 674 quam
398 602 635 654 constat
675 592 857 653 etiam
902 591 1049 651 olim
1093 590 1183 651 dis
1229 591 1467 652 licuisse
1516 590 1660 674 ipsis
1711 613 1918 653 mona-

171 673 322 748 cbis,
349 673 397 735 si
429 676 532 757 qui
607 675 769 737 aullo
796 673 1155 735 cordatiores
1179 612 1439 747 iimmot,
1462 673 1759 733 docebant
1780 688 1918 735 vota

170 755 338 839 paria
386 779 516 818 esse
602 756 881 849 aptism0‚
919 755 1219 816 docebant
1260 778 1322 815 se
1368 756 1483 816 hoe
1524 755 1662 815 vitae
1704 778 1920 848 genere

171 838 385 899 mereri
429 837 841 899 remissionem
889 849 1292 920 peccatorum,
1327 850 1388 898 et
1419 838 1916 917 justificationem

170 940 375 982 eoram
403 919 561 981 Deo·
646 920 783 981 Imo
811 919 1130 993 addebant,
1148 921 1333 980 vitam
1367 921 1759 980 monasticam
1795 944 1913 981 non

170 1011 408 1063 tantum
440 1002 741 1082 justitiam
793 1003 1004 1063 mereri
1054 1024 1255 1063 coram
1300 1002 1459 1077 De0,
1502 1002 1604 1063 sed
1657 1003 1917 1085 amplius

168 1083 376 1158 etiam,
403 1085 544 1166 quia
583 1096 841 1146 servaret
880 1107 1000 1145 non
1040 1084 1223 1145 modo
1252 1098 1569 1168 praecepta,
1599 1086 1703 1146 sed
1733 1087 1915 1147 etiarn

170 1166 423 1228 consilia
449 1188 597 1228 evan
642 1168 809 1228 elica.

253 1247 353 1310 Ita
378 1189 819 1332 persuadebant
847 1250 1240 1311 monasticam
1274 1250 1703 1333 professionem
1741 1250 1917 1331 longe

171 1330 483 1392 meliorem
540 1353 668 1392 esse
727 1333 1049 1415 baptismo,
1092 1333 1274 1393 vitam
1336 1334 1730 1394 monasticam
1783 1333 1917 1415 plus

173 1412 405 1488 mereri,
430 1434 613 1494 quam
643 1414 828 1476 vitam
871 1414 1351 1497 magistratuum,
1379 1416 1562 1477 vitam
1604 1427 1916 1497 pastorum

171 1506 236 1557 ct
271 1495 583 1566 similium,
611 1497 716 1577 qui
759 1497 821 1557 in
863 1496 1159 1558 mandatis
1188 1497 1308 1558 Dei
1347 1498 1476 1558 sine
1510 1498 1752 1559 factitiis
1782 1497 1918 1558 reli-

169 1576 450 1660 gionibus
492 1600 614 1638 suae
657 1579 952 1639 vocationi
994 1580 1276 1639 serviunt.
1362 1580 1538 1641 Nihil
1569 1581 1785 1640 horum
1817 1601 1921 1639 ne-

169 1658 296 1742 gari
324 1669 562 1741 potest;
605 1670 815 1721 extant
842 1660 1004 1720 enim
1036 1661 1099 1719 in
1129 1660 1293 1720 libris
1322 1683 1551 1721 eorum.

253 1739 420 1810 Quid
468 1741 655 1815 fiebat
696 1752 907 1824 postea
955 1742 1019 1801 in
1069 1742 1487 1803 monasteriis?
1538 1742 1706 1803 Olim
1752 1753 1920 1802 erant

169 1821 392 1885 scholoe
434 1844 734 1885 sacrarum
787 1824 1114 1898 literarum,
1158 1835 1220 1885 et
1277 1825 1529 1885 aliarum
1575 1825 1919 1908 disciplina-

168 1926 328 1980 mm,
352 1926 490 1986 quoe
532 1917 674 1967 sunt
714 1906 891 1968 utiles
935 1906 1224 1980 eeclesiae,
1252 1918 1315 1967 et
1351 1909 1744 1969 sumebantur
1781 1907 1920 1968 inde

169 1998 457 2072 pastores,
484 1998 547 2048 et
572 1989 856 2072 episcopi.
940 1989 1128 2050 Nune
1157 1989 1272 2051 alia
1301 2012 1392 2051 res
1430 2002 1542 2064 est,
1574 1990 1728 2052 nibil
1764 2012 1917 2072 opus

170 2080 264 2132 est
317 2070 565 2131 recitare
613 2082 774 2132 nota.
860 2071 1027 2132 Olim
1078 2070 1154 2132 ad
1202 2072 1559 2134 discendum
1602 2073 1920 2134 convenie-

170 2152 339 2226 bant,
378 2173 541 2213 nunc
584 2154 823 2234 fingunt
866 2154 1210 2215 institutum
1253 2176 1382 2215 esse
1423 2155 1560 2216 vitae
1607 2178 1796 2238 genus
1843 2155 1919 2215 ad

177 2234 636 2317 promerendam
679 2236 929 2317 gratiam
971 2247 1034 2297 et
1065 2236 1400 2316 justitiam;
1442 2237 1569 2298 imo
1597 2237 1925 2320 praedicant

171 2338 303 2378 csse
345 2327 569 2378 statum
614 2317 1016 2399 perfectionis,
1042 2330 1104 2378 et
1142 2319 1321 2402 longe
1362 2319 1687 2401 praeferunt
1722 2321 1918 2381 omni-

170 2398 284 2461 bus
312 2398 443 2460 aliis
469 2399 609 2460 vitoe
635 2400 953 2482 generibus
983 2422 1018 2460 a
1044 2400 1184 2461 Deo
1211 2401 1516 2462 ordinatis.

253 2479 413 2543 Hoec
448 2480 584 2542 ideo
623 2482 1005 2544 recitavimus
1042 2483 1194 2544 nihil
1234 2483 1438 2544 odiose
1469 2496 1918 2566 exaggerantes,

171 2572 239 2624 ut
267 2563 482 2624 melius
511 2563 763 2647 intelligi
793 2582 997 2648 posset
1024 2565 1100 2626 de
1130 2566 1244 2626 hac
1271 2589 1354 2639 re,
1382 2566 1656 2628 doctrina
1689 2578 1919 2627 nostro-

170 2667 327 2709 rum.
409 2646 682 2708 Primum
712 2648 787 2708 de
817 2648 930 2722 his,
957 2648 1061 2729 qui
1098 2648 1478 2710 matrimonia
1510 2650 1915 2719 contrahunt3

171 2726 260 2788 sic
298 2726 518 2789 docent
558 2729 720 2811 apud
760 2752 890 2804 nos,
917 2730 1080 2811 quod
1109 2731 1288 2792 liceat
1315 2733 1616 2806 omnibus,
1645 2733 1748 2811 qui
1792 2755 1912 2792 non

170 2820 316 2871 sunt
341 2809 537 2871 idonei
567 2811 642 2872 ad
669 2813 1045 2886 coelibatum,
1069 2814 1421 2875 contrahere
1443 2814 1916 2887 matrimonium,

214 2891 315 2952 uia
353 2903 493 2952 vota
529 2915 651 2954 non
692 2906 944 2977 possunt
981 2896 1418 2957 ordinationem
1458 2919 1528 2956 ac
1560 2896 1910 2957 mandatum

236 2973 291 3035 ei
320 2973 547 3035 tollere.
629 2975 744 3037 Est
772 2988 972 3038 autem
1005 2979 1122 3040 hoc
1150 2979 1506 3039 mandatum
1533 2978 1653 3039 Dei
1677 3002 1692 3038 ε
1736 3001 1916 3061 prop-

170 3065 264 3116 ter
288 3054 742 3120 fornicationem
773 3059 993 3121 babeat
1013 3062 1424 3142 unusquisque
1447 3082 1695 3122 uxorem
1722 3083 1912 3121 suam.

170 3136 392 3219 Neque
419 3138 768 3202 mandatum
800 3143 1018 3217 solum,
1046 3143 1150 3204 sed
1178 3144 1361 3204 etiam
1396 3145 1617 3205 creatio
1655 3155 1717 3203 et
1754 3143 1913 3204 ordi-

168 3220 335 3281 natio
363 3219 484 3281 Dei
512 3222 675 3303 cogit
703 3223 812 3284 hos
841 3224 918 3289 ad
945 3226 1314 3308 eonjugium,
1336 3226 1438 3306 qui
1471 3227 1598 3286 sine
1627 3226 1909 3307 singulari

165 3302 291 3364 Dei
333 3325 512 3387 opere
553 3326 676 3365 non
718 3317 859 3368 sunt
899 3309 1157 3391 excepti,
1188 3308 1370 3387 juxta
1410 3307 1595 3368 illud:
1654 3330 1776 3368 non
1818 3321 1911 3371 est

167 3385 397 3448 bonum
429 3386 660 3447 bomini
691 3408 821 3448 esse
850 3390 1067 3450 solum.
1139 3390 1335 3470 Igitur
1362 3411 1481 3449 non
1512 3402 1767 3472 peccant
1793 3390 1908 3467 isti,

212 3467 277 3529 ui
313 3469 735 3552 obtemperant
777 3470 920 3532 huic
962 3469 1247 3534 mandato
1283 3483 1345 3532 et
1382 3470 1737 3534 ordinationi
1768 3472 1906 3535 Dei.

167 3489 333 3620 auid
370 3564 570 3635 potest
611 3562 818 3615 eontra
847 3554 980 3615 baec
1007 3554 1278 3637 opponi?
1321 3553 1663 3638 Exaggeret
1694 3555 1907 3638 aliquis

986 3657 1023 3697 1,
1055 3650 1090 3697 2

1690 3775 1723 3787 l
