2418 4172
635 326 1186 381 AUGUSTANA
1238 325 1495 377 MDXL.
1827 327 1934 382 217

195 473 431 535 ritatem
469 471 733 532 ecclesioe
771 481 1098 554 praetexere
1125 467 1408 529 omnibus
1429 465 1721 527 ,abusibus
1754 488 1822 526 ac
1853 469 1938 527 vi·

195 553 312 627 tiis,
339 574 473 634 quoe
513 553 803 614 recentior
838 574 907 613 ac
945 551 1201 612 deterior
1236 562 1378 610 aetas
1409 548 1468 608 in
1499 547 1809 607 ecclesiam
1848 550 1939 608 in·

193 634 375 697 vexit.
459 634 739 697 Nimium
786 634 1174 696 blandiuntur
1217 629 1329 690 sibi
1376 629 1672 704 homines,
1700 629 1748 689 si
1785 629 1938 689 nihil

193 717 321 778 vitii
370 716 701 779 derivatum
754 738 881 775 esse
928 725 1142 797 putant
1184 712 1245 772 in
1290 711 1623 783 ecclesiam,
1653 732 1727 770 ex
1771 710 1939 772 affec·

194 797 356 860 tibus
380 799 694 860 hominum
721 820 794 858 cu
842 796 1099 868 idorum,
1121 816 1195 855 ex
1228 793 1344 853 illis
1375 793 1735 876 labyrinthis
1764 805 1824 853 et
1853 805 1942 855 te-

194 880 395 943 nebris
422 880 710 941 doctrinae
741 820 1113 940 scholasticae
1141 888 1202 936 et
1230 875 1642 936 traditionum.
1721 874 1940 956 Neque

193 984 335 1024 vero
375 974 499 1024 tam
544 973 787 1056 propter
824 960 1172 1041 conjugium
1205 958 1616 1041 periclitantur
1647 958 1762 1018 hoc
1789 970 1942 1018 tem-

193 1066 340 1130 pore
382 1045 523 1106 boni
568 1045 696 1118 viri,
730 1066 911 1125 quam
958 1054 1200 1126 propter
1242 1039 1505 1102 studium
1552 1041 1940 1123 repurgandae

194 1138 258 1190 et
298 1126 661 1189 illustrandae
703 1126 989 1188 doctrinae
1034 1124 1409 1193 Christianae‚
1439 1123 1598 1203 quod
1635 1145 1837 1205 regere
1874 1145 1942 1183 ac

185 1209 398 1291 juvare
427 1210 689 1293 episcopi
721 1210 1038 1270 debebant.
1124 1207 1286 1267 Nam
1320 1206 1412 1265 his
1443 1205 1740 1287 praecipue
1779 1227 1943 1266 com-

199 1290 480 1354 mendata
509 1304 600 1352 est
628 1314 770 1352 cura
798 1290 1078 1351 ornandae
1107 1300 1169 1349 et
1202 1286 1594 1348 defendendae
1635 1288 1943 1362 doctrinae,

199 1374 263 1435 hi
302 1372 525 1435 debent
563 1395 692 1434 esse
732 1373 909 1453 hujus
950 1371 1307 1432 sanctissimi
1338 1382 1399 1430 et
1428 1370 1729 1430 utilissimi
1761 1370 1940 1431 studii

198 1457 622 1539 gubernatores
649 1469 709 1517 et
741 1457 1087 1516 hortatores.

281 1538 400 1599 Sed
431 1559 551 1598 non
582 1538 655 1599 ad
686 1539 842 1598 solos
870 1538 1203 1620 episcopos,
1233 1556 1439 1595 verum
1475 1536 1656 1595 etiam
1699 1534 1773 1595 ad
1810 1535 1943 1616 pios

195 1619 515 1713 principes,
537 1641 606 1680 ac
636 1620 901 1679 maxime
930 1618 1003 1678 ad
1031 1620 1455 1697 imperatorem
1486 1617 1766 1697 pertinet,
1793 1637 1944 1696 pure

197 1701 528 1780 intelligere
584 1700 981 1783 evangelium,
1037 1697 1365 1778 dijudicare
1419 1697 1723 1778 dogmata,
1780 1697 1944 1757 advi-

197 1782 400 1867 gilare,
442 1805 519 1843 ne
561 1783 768 1864 impiae
812 1781 1125 1865 opiniones
1169 1779 1531 1858 recipiantur
1577 1791 1680 1840 aut
1729 1782 1945 1839 confir-

197 1877 459 1938 mentur,
484 1864 885 1926 idololatriam
913 1863 1080 1924 omni
1112 1861 1310 1923 studio
1339 1862 1591 1922 abolere.
1664 1861 1784 1922 His
1813 1862 1945 1922 offi-

199 1947 308 2009 ciis
336 1948 614 2030 praeclare
644 1947 839 2008 meriti
871 1958 1013 2005 sunt
1040 1946 1116 2006 de
1145 1945 1259 2027 piis
1282 1944 1459 2005 multi
1482 1945 1687 2027 magni
1713 1945 1943 2019 heroes,

202 2029 473 2099 Gedeon,
507 2027 820 2102 Ezechias,
846 2028 1067 2101 Josias,
1096 2027 1546 2100 Constantinus,
1574 2039 1636 2087 et
1673 2028 1944 2109 plerique

202 2111 323 2174 alii.
407 2112 609 2180 Quare
650 2110 1022 2172 existimabis
1079 2122 1142 2169 et
1192 2108 1279 2169 tui
1325 2108 1504 2169 officii
1552 2131 1698 2183 esse,
1739 2132 1944 2170 cavere

201 2216 282 2256 ne
335 2195 663 2255 obruantur
716 2216 787 2254 ea
842 2214 977 2273 quae
1024 2192 1121 2275 pie
1166 2202 1228 2251 et
1276 2191 1502 2251 utiliter
1544 2191 1843 2273 patefacta
1884 2204 1946 2253 et

202 2276 520 2338 emendata
562 2288 702 2336 sunt
745 2300 778 2336 a
822 2275 993 2335 bonis
1023 2286 1084 2334 et
1110 2272 1300 2333 doctis
1334 2273 1493 2347 viris,
1520 2296 1596 2333 ne
1632 2274 1802 2367 impii
1843 2275 1946 2335 ab·

202 2379 346 2420 usus
397 2358 713 2419 autoritate
766 2370 872 2418 tua
920 2356 1317 2417 stabiliantur.
1405 2356 1677 2416 Psalmus
1729 2357 1945 2436 inquit,

203 2441 473 2523 Propter
500 2441 786 2523 templum
809 2448 982 2501 tuum
1010 2440 1075 2500 in
1091 2438 1466 2511 ‹ser-malem,
1484 2459 1662 2521 reges
1682 2437 1947 2523 qffbrent

203 2522 317 2586 abu·
341 2545 611 2586 munera.

286 2605 443 2667 Sunt
485 2618 684 2667 autem
731 2607 969 2690 propria
1010 2627 1219 2689 regum
1264 2626 1513 2665 munera
1541 2603 1601 2664 in
1633 2605 1943 2665 ecclesiam

205 2687 580 2762 conferenda,
608 2689 906 2770 inquirere
936 2710 1133 2749 veram
1164 2688 1521 2760 doctrinam,
1542 2699 1603 2747 et
1633 2709 1856 2760 curare,
1877 2699 1946 2747 ut

207 2769 349 2830 boni
404 2769 675 2831 doctores
725 2772 1124 2854 praeficiantur
1172 2769 1456 2842 ecclesiis,
1491 2769 1630 2829 dare
1680 2790 1944 2850 operam,

209 2862 278 2912 ut
317 2851 428 2911 rite
469 2851 872 2932 dijudicentur
908 2853 1322 2915 ecclesiasticoe
1357 2851 1788 2924 controversiae,
1819 2872 1943 2911 non

207 2931 404 2995 delere
431 2934 591 3016 piam
621 2934 974 3009 doctrinam,
997 2934 1099 2996 sed
1128 2935 1388 2996 excitare
1417 2933 1616 3016 potius
1638 2955 1707 2993 ac
1728 2955 1945 3015 propa-

210 3036 369 3099 gare,
395 3028 457 3076 et
483 3014 798 3078 defendere
846 3017 1224 3079 concordiam
1255 3016 1522 3078 ecclesiae
1543 3028 1702 3075 recte
1725 3015 1946 3075 consti-

209 3109 377 3158 tuere
420 3110 482 3159 et
525 3098 693 3160 tueri.
851 3101 898 3160 is
946 3100 1098 3160 veris
1146 3099 1514 3170 muneribus,
1550 3111 1719 3179 potes
1763 3118 1944 3171 nunc,

208 3180 440 3262 optime
482 3180 833 3262 Imperator,
880 3204 1088 3243 ornare
1143 3181 1371 3241 Christi
1427 3180 1760 3252 ecclesiam,
1808 3201 1944 3260 quae

209 3261 453 3343 quidem
499 3285 533 3323 a
575 3275 635 3323 te
681 3264 976 3357 praecipue
1017 3275 1078 3324 et
1115 3263 1392 3323 Christus
1429 3261 1675 3342 requirit
1712 3261 1856 3343 ipse,
1884 3272 1946 3322 et

209 3357 425 3428 petunt
465 3344 749 3415 ecclesioe,
783 3346 1002 3425 quibus
1043 3367 1194 3427 opus
1236 3355 1327 3404 est
1412 3366 1533 3403 ace.
1619 3343 1945 3418 Postremo,

209 3449 348 3489 cum
398 3427 679 3488 humauae
722 3427 1067 3488 traditiones
1110 3425 1317 3487 cedere
1399 3427 1619 3485 cbeant
1659 3425 1946 3521 tempori-

209 3512 341 3590 bus,
369 3510 630 3571 maxime
659 3510 720 3570 in
751 3509 1017 3582 ecclesia,
1039 3509 1098 3569 in
1129 3530 1247 3590 qua
1276 3508 1453 3591 longe
1479 3506 1666 3590 pluris
1688 3509 1814 3569 fieri
1842 3506 1945 3568 de-

212 3594 356 3655 bent
397 3593 554 3655 salus
596 3593 853 3676 piorum,
893 3591 1155 3666 dilectio,
1196 3602 1256 3652 et
1298 3611 1417 3673 pax
1459 3589 1721 3673 publica,
1759 3610 1940 3671 quam

163 3790 194 3802 ν
1640 3772 1674 3785 l
