2418 4172
233 604 718 689 ARTICULI
769 613 879 685 IN
929 614 1286 693 QUIBUS
1334 613 1888 686 RECENSEN-

519 736 727 807 TUR
773 736 1136 806 ABUSUS
1183 734 1599 805 MUTATI.

879 923 1244 965 *-

189 1061 405 1144 CUM
432 1081 701 1143 ecclesiae
732 1081 890 1165 apud
923 1104 1033 1143 nos
1062 1082 1138 1143 de
1168 1083 1335 1144 nullo
1365 1080 1615 1142 articulo
1645 1081 1782 1142 fidei
1814 1082 1934 1144 dis·

186 1164 451 1227 sentiant
493 1166 570 1226 ab
603 1166 855 1226 ecclesia
883 1166 1197 1239 catholica,
1226 1176 1460 1227 tantum
1495 1186 1718 1247 paucos
1757 1187 1935 1246 quos-

186 1245 328 1308 &m
373 1248 595 1308 abusus
638 1249 943 1323 omittant,
971 1249 1073 1329 qui
1121 1249 1261 1309 novi
1301 1259 1461 1321 sunt,
1489 1259 1550 1307 et
1586 1261 1793 1308 contra
1832 1270 1935 1309 vo-

188 1329 484 1391 lontatem
537 1352 836 1391 canonum
887 1333 1034 1391 vitio
1079 1344 1421 1415 temporum
1475 1331 1718 1412 recepti,
1764 1354 1934 1412 roga-

190 1431 347 1488 mus,
372 1424 442 1473 ut
470 1413 740 1474 Caesarea
771 1414 1051 1494 majestas
1080 1415 1408 1475 clementer
1436 1413 1657 1482 audiat,
1688 1427 1750 1474 et
1786 1412 1934 1494 quid

189 1494 269 1555 sit
299 1508 622 1569 mutatum,
650 1508 713 1556 et
783 1517 879 1557 uae
908 1496 1130 1558 fuerint
1157 1519 1369 1571 causae,
1390 1518 1513 1577 quo
1543 1497 1742 1557 minus
1765 1518 1936 1557 coac-

187 1585 287 1638 tus
315 1574 394 1638 nit
420 1579 682 1661 populus
710 1579 751 1638 il
778 1601 846 1639 os
874 1580 1097 1640 abusus
1126 1592 1334 1640 contra
1362 1578 1791 1639 conscientiam
1828 1579 1936 1639 ob·-

186 1677 436 1720 servare.
522 1659 657 1720 Nec
691 1661 911 1721 habeat
940 1661 1124 1721 fidem
1156 1661 1429 1722 Caesarea
1471 1660 1750 1739 majestas
1788 1659 1935 1735 istis,

186 1740 313 1823 qui,
339 1751 411 1803 ut
438 1740 821 1803 inflamment
849 1742 987 1803 odia
1018 1743 1339 1803 hominum
1370 1741 1649 1802 adversus
1680 1753 1934 1817 nostros,

187 1823 370 1885 miras
396 1824 729 1885 calumnias
759 1836 1050 1908 spargunt
1078 1826 1139 1885 in
1169 1825 1489 1908 populum.
1580 1824 1724 1884 Hoc
1757 1823 1936 1885 modo

185 1903 427 1967 irritatis
469 1906 686 1968 animis
728 1909 1023 1969 bonorum
1054 1908 1319 1968 virorum
1349 1907 1523 1967 initio
1550 1908 1937 1989 proebuerunt

184 1989 560 2050 occasionem
614 1990 756 2051 huic
805 1990 1070 2066 dissidio,
1112 2001 1174 2050 et
1215 1990 1426 2051 eadem
1473 2002 1597 2050 arte
1640 2001 1938 2051 conantur

186 2093 351 2132 nunc
406 2094 621 2151 augere
678 2071 1020 2133 discordias.
1105 2073 1269 2133 Nam
1324 2074 1596 2134 Caesarea
1654 2073 1935 2153 majestas

188 2153 350 2215 haud
394 2154 577 2214 dubie
610 2156 939 2237 comperiet
976 2156 1439 2216 tolerabiliorem
1485 2178 1613 2215 esse
1655 2156 1935 2228 formam,

186 2248 250 2297 et
289 2235 577 2297 doctrinoe
616 2247 679 2298 et
712 2239 1189 2299 ceremoniarum
1219 2237 1377 2320 apud
1410 2259 1539 2309 nos,
1569 2260 1754 2319 quam
1785 2260 1936 2318 qua-

184 2318 307 2380 lem
349 2318 625 2379 homines
664 2319 859 2400 iniqui
898 2332 961 2381 et
995 2321 1272 2381 malevoli
1302 2320 1667 2381 describunt.
1754 2321 1936 2381 Porro

183 2400 400 2462 veritas
442 2422 518 2462 ex
561 2402 727 2484 vulgi
771 2403 1116 2464 rumoribus
1147 2414 1253 2463 aut
1281 2402 1615 2475 maledictis
1657 2402 1932 2464 inimico-

182 2503 319 2545 rum
357 2484 559 2566 colligi
601 2507 724 2545 non
768 2497 985 2566 potest.
1070 2486 1273 2546 Facile
1309 2497 1513 2546 autem
1541 2486 1657 2546 boc
1675 2485 1965 2565 judicaris

182 2578 402 2651 potest,
430 2567 586 2628 nibil
629 2568 822 2651 magis
865 2569 1147 2652 prodesse
1176 2568 1251 2629 ad
1281 2568 1639 2651 dignitatem
1672 2589 1938 2628 ceremo-

185 2650 422 2711 niarum
466 2651 959 2726 conservandam,
996 2663 1060 2712 et
1100 2651 1377 2712 alendam
1420 2650 1814 2711 reverentiam
1866 2673 1936 2711 ac

186 2732 469 2873 pietate-m
502 2734 565 2794 in
595 2735 844 2818 populo,
872 2756 1058 2817 quam
1089 2736 1139 2796 si
1169 2734 1524 2796 ceremoniae
1553 2734 1664 2794 rite
1694 2736 1842 2794 fiant
1871 2733 1934 2794 in

185 2834 291 2875 ecc
314 2835 470 2876 οιιιε.

688 2958 741 3020 1.
769 2958 875 3022 De
900 2968 1163 3043 utraque
1191 2958 1422 3040 Specie.

186 3038 495 3121 LAlcls
530 3059 707 3121 datur
733 3070 989 3142 utraque
1018 3062 1246 3144 species
1277 3058 1633 3121 sacramenti
1663 3059 1724 3118 in
1753 3079 1933 3120 coena

183 3141 460 3216 Domini,
500 3142 644 3223 quia
698 3142 799 3205 hic
855 3165 988 3205 mos
1037 3145 1224 3205 babet
1273 3142 1628 3204 mandatum
1672 3140 1930 3203 Domini

185 3223 414 3285 Matth.
442 3225 604 3285 xxvi.
647 3226 854 3287 Bibae
896 3249 970 3288 ex
1011 3227 1122 3288 hoc
1160 3248 1383 3288 omnes.
1455 3224 1582 3286 Ubi
1614 3224 1931 3285 manifeste

181 3308 467 3390 praecepit
496 3306 773 3368 Christus
800 3308 877 3369 de
903 3310 1143 3391 poculo,
1171 3321 1240 3370 ut
1265 3329 1476 3369 omnes
1507 3307 1736 3380 bibant,
1762 3317 1824 3368 et
1852 3328 1929 3369 no

181 3389 318 3471 quis
345 3391 536 3472 possit
563 3390 844 3465 cavillari,
870 3390 1034 3471 quod
1067 3391 1183 3452 hoc
1212 3390 1287 3451 ad
1317 3389 1652 3451 sacerdotes
1686 3400 1927 3452 tantum

180 3471 500 3555 pertineat,
528 3473 747 3534 Paulus
785 3472 860 3535 ad
898 3473 1175 3535 Corinth.
1213 3472 1562 3556 exemplum
1605 3472 1835 3548 recitat,
1862 3471 1927 3534 in

183 3573 306 3637 quo
348 3577 384 3617 a
471 3567 598 3617 aret
632 3567 825 3617 totam
863 3556 1178 3618 ecclesiam
1219 3567 1472 3639 utraque
1509 3555 1709 3650 specie
1751 3576 1922 3617 usam

182 3658 329 3700 esse.
533 3639 640 3702 diu
677 3639 901 3702 mansit
936 3639 1038 3701 hic
1075 3662 1208 3702 mos
1246 3640 1308 3701 in
1346 3638 1617 3715 ecclesia,
1642 3659 1755 3701 nec
1781 3659 1924 3701 con-
1994 3691 2002 3696 .

993 3741 1037 3783 K
1066 3735 1103 3783 4
1641 3757 1694 3789 ’κ
