2418 4172
434 368 541 421 148
1061 366 1552 422 CONFESSIO

437 507 869 591 obligationem
906 508 1052 583 voti,
1080 522 1375 592 quantum
1416 511 1595 585 volet,
1624 520 1830 570 tamen
1862 531 1983 571 non
2015 519 2186 593 pote-

437 592 516 654 rit
542 590 795 665 efficere,
825 603 892 653 ut
920 603 1128 653 votum
1159 593 1332 654 tollat
1362 591 1711 654 mandatum
1743 591 1882 652 Dei.

439 668 451 681 '
522 673 800 735 Canones
842 674 1081 750 docent,
1110 675 1173 735 in
1210 676 1376 736 omni
1414 687 1555 736 voto
1586 675 1689 755 jus
1729 674 2047 757 superioris
2083 694 2190 735 ex-

437 756 579 901 ῧρί,
606 777 793 899 qiliare
835 757 1029 818 multo
1072 757 1273 819 minus
1311 757 1443 820 haec
1478 769 1618 819 vota
1657 768 1867 818 contra
1904 754 2190 817 mandata

505 839 560 900 ei
588 861 663 900 va
686 849 808 900 ent.
905 847 912 851 ’

523 921 704 991 Quod
734 922 781 982 si
811 921 1102 1003 obligatio
1143 932 1419 983 votorum
1464 923 1656 983 nullas
1697 921 1946 982 baberet
1980 941 2190 982 causas

440 1025 548 1065 cur
576 1004 790 1064 mutari
822 1004 1032 1087 possit,
1060 1026 1173 1065 nec
1202 1004 1463 1066 Romani
1499 1005 1815 1087 pontifices
1852 1003 2192 1087 dispensas-

441 1096 592 1147 sent.
677 1085 900 1165 Neque
937 1086 1100 1146 enim
1135 1086 1280 1147 licet
1309 1087 1541 1148 bomini
1570 1087 2023 1170 obligationem,
2092 1106 2192 1148 uae

442 1167 797 1251 simpliciter
823 1178 916 1227 est
932 1167 1087 1247 juris
1115 1167 1324 1243 divini,
1351 1168 1703 1230 rescindere.
1787 1168 1905 1230 Sed
1932 1190 2045 1252 pru
2086 1190 2195 1230 en-

439 1260 533 1311 ter
567 1249 996 1329 judicaverunt
1045 1249 1309 1310 Romani
1353 1251 1689 1332 pontifices,
1732 1250 2082 1331 aequitatem
2129 1250 2193 1312 in

441 1332 559 1393 hac
614 1331 983 1414 obligatione
1027 1330 1434 1392 adhibendam
1485 1353 1635 1392 esse.
1718 1332 1869 1392 Ideo
1917 1353 2076 1415 soepe
2116 1331 2195 1393 de

440 1413 596 1475 votis
653 1412 1031 1496 dispensasse
1088 1414 1389 1497 leguntur.
1473 1414 1643 1475 Nota
1686 1424 1779 1475 est
1830 1412 2078 1476 historia
2116 1412 2195 1475 de

440 1518 582 1579 rege
609 1495 992 1578 Ari-agonum
1035 1507 1313 1558 revocato
1354 1518 1432 1559 ex
1475 1496 1859 1572 monasterio,
1884 1507 1950 1559 et
1982 1507 2195 1559 extant

442 1580 725 1674 exempla
752 1579 939 1640 nostri
969 1580 1276 1662 temporis·

524 1661 787 1736 Deinde,
830 1683 937 1722 cur
982 1662 1415 1743 obligationem
1466 1684 1577 1724 exa
1623 1673 1833 1744 gerant
1877 1660 2196 1723 adversarii

444 1765 551 1806 seu
593 1744 874 1805 effectum
916 1744 1062 1819 voti,
1091 1766 1233 1806 cum
1275 1745 1516 1806 interim
1556 1684 1633 1806 dge
1669 1746 1800 1828 ipsa
1827 1745 1951 1806 voti
1981 1755 2197 1806 natura

445 1827 677 1901 sileant,
704 1825 868 1908 quod
911 1825 1092 1888 debet
1130 1849 1261 1888 esse
1302 1828 1366 1888 in
1406 1850 1468 1888 re
1503 1827 1794 1911 possibili,
1822 1826 1988 1909 quod
2014 1825 2199 1888 debet

445 1930 575 1972 esse
629 1908 1056 1984 voluntarium,
1106 1912 1321 1993 sponte
1368 1920 1431 1971 et
1478 1910 1757 1971 oonsulto
1812 1919 2197 1993 conceptum.

444 1992 532 2054 At
557 1991 866 2073 quomodo
894 1993 973 2052 sit
1000 1992 1062 2052 in
1092 2003 1390 2074 potestate
1420 1992 1685 2053 hominis
1713 2003 2007 2075 perpetua
2024 1992 2200 2054 casti·

444 2086 556 2150 tas,
584 2096 707 2135 non
737 2085 830 2135 est
854 2073 1151 2168 ignotum.
1236 2074 1322 2135 Et
1364 2074 1846 2156 quotusquisque
1884 2085 2102 2169 sponte
2136 2084 2202 2135 et

447 2158 724 2219 consulto
761 2157 967 2218 vov1t?
1015 2157 1234 2240 puellae
1275 2167 1338 2218 et
1378 2157 1807 2231 adolescentes,
1887 2177 2198 2239 nusquam

435 2239 710 2321 judicare
747 2250 1020 2323 possunt,
1049 2239 1486 2322 persuadentur
1519 2239 1595 2302 ad
1626 2261 1818 2302 voven
1864 2260 1991 2315 um,
2017 2239 2205 2301 inter-

445 2323 595 2384 dum
638 2323 819 2384 etiam
867 2334 1184 2404 coguntur.
1269 2324 1473 2391 Quare
1511 2345 1631 2383 non
1670 2334 1762 2383 est
1797 2343 2042 2403 aequum
2071 2333 2198 2383 tam

301 2454 324 2479 ,
444 2405 637 2487 rigide
677 2405 754 2466 de
795 2404 1164 2487 obligatione
1206 2403 1531 2488 disputare,
1558 2427 1698 2466 cum
1730 2425 1944 2465 omnes
1973 2403 2202 2465 fatean-

446 2497 547 2548 tur
573 2498 781 2549 oontra
807 2487 931 2548 voti
962 2497 1235 2548 naturam
1267 2509 1416 2562 esse,
1438 2486 1601 2569 quod
1630 2509 1753 2548 non
1781 2497 2016 2570 sponte,
2034 2485 2200 2569 quod

447 2569 793 2631 inconsulto
822 2569 1177 2631 admittitur.

533 2652 810 2734 Plerique
864 2673 1123 2713 canones
1177 2650 1527 2713 rescindunt
1583 2662 1723 2712 vota
1777 2662 1917 2713 ante
1972 2671 2200 2712 annum

447 2733 590 2797 XV.
619 2744 943 2807 eontracta,
1017 2734 1116 2795 uia
1154 2745 1293 2796 ante
1332 2734 1498 2797 illam
1537 2744 1775 2796 oetatem
1814 2755 1936 2796 non
1964 2732 2204 2796 videtur

450 2828 691 2880 tantum
734 2838 863 2878 esse
896 2816 923 2897 j
1013 2815 1131 2892 icii,
1174 2827 1244 2878 ut
1289 2816 1366 2879 de
1410 2828 1700 2901 perpetua
1747 2817 1872 2878 vita
1914 2815 2204 2878 constitui

534 2899 661 2962 ssit.
746 2899 921 2961 Alius
959 2921 1152 2962 canon
1193 2900 1331 2983 plus
1370 2900 1707 2962 concedens
1740 2899 2062 2961 bominum
2088 2898 2205 2960 im·

450 2923 787 3055 fficinitati,
815 2980 983 3044 addit
1019 3004 1209 3044 annos
1247 2983 1494 3065 aliquot,
1522 2994 1687 3044 vetat
1722 2983 1885 3043 enim
1922 2992 2063 3044 ante
2099 3002 2206 3043 an-

455 3088 607 3128 num
645 3065 894 3127 XVIII.
938 3076 1145 3127 votum
1200 3067 1346 3127 fieri.
1433 3064 1551 3127 Sed
1597 3077 1801 3127 utrum
1845 3064 2207 3147 sequemur?

455 3149 726 3212 maxima
772 3170 908 3232 pars
954 3148 1139 3210 babet
1186 3149 1655 3224 excusationem,
1689 3170 1797 3210 cur
1844 3145 2205 3210 monasteris

456 3232 749 3308 deserant,
774 3230 917 3314 quia
945 3231 1192 3315 plurimi
1221 3244 1361 3294 ante
1389 3232 1547 3294 hanc
1575 3243 1814 3293 oetatem
1844 3237 2152 3292 voverunt.

541 3316 873 3390 Postremo,
900 3314 1135 3376 etiamsi
1165 3315 1288 3376 voti
1316 3315 1562 3378 violatio
1590 3313 1950 3400 reprehendi
1981 3318 2204 3395 ροοιοί,

458 3409 663 3459 tamen
708 3420 829 3459 non
871 3397 1108 3460 videtur
1149 3398 1353 3460 statim
1398 3399 1588 3482 sequi,
1616 3397 1779 3481 quod
1806 3391 2087 3477 conjugia
2113 3403 2204 3453 ta·

460 3480 611 3541 lium
655 3502 1044 3563 personarum
1082 3480 1462 3543 dissolvenda
1498 3481 1637 3542 sint.
1720 3479 1887 3542 Nam
1912 3474 2206 3560 Augusti·

462 3582 576 3623 nus
619 3574 800 3645 negat
842 3562 1060 3626 debere
1102 3564 1367 3638 dissolvi,
1407 3562 1682 3625 XXVII.
1725 3568 1935 3642 quest.
1977 3557 2027 3620 1.
2070 3578 2202 3640 cap.
