2418 4172
1115 278 1431 349 [xviii]

441 423 584 496 titae,
616 420 988 483 Tridentium
1031 423 1479 506 congregationi
1525 420 1950 506 proponendas.
2034 423 2192 487 Eam

439 520 909 604 comprobarunt
982 520 1371 608 illustrissimi
1434 519 1742 604 Principes
1810 519 2195 583 Brandebur-

437 617 593 701 giciz
623 629 805 699 atque
833 618 1275 701 generosissimi
1306 618 1558 680 comites
1589 640 1621 678 a
1647 617 1973 688 Mansfelt;
2002 629 2064 679 et
2080 619 2194 680 Ar-

435 714 814 797 gentinenses
840 713 1099 776 ministri
1126 738 1140 775 ε
1180 727 1359 796 atque
1383 715 1654 776 Pastores
1677 725 1738 775 et
1758 713 2052 775 Doctores
2073 714 2193 776 Ec·

436 810 750 872 elesiarum
798 811 1185 887 Pomeraniae,
1215 811 1451 895 scriptis
1494 811 1872 872 confessioni
1922 810 2189 872 annexis.

435 906 667 969 Eadem
700 908 776 969 ab
807 908 938 969 aliis
966 908 1256 970 Ecclesiis
1295 909 1718 991 comprobata:
1762 919 1824 968 et
1866 908 1942 968 ab
1978 907 2192 969 Eccle-

437 1003 537 1064 siis
566 1004 865 1066 Polonicis
904 1005 964 1066 in
1006 1006 1271 1089 ipsarum
1312 1027 1605 1067 consensu
1650 1007 1743 1066 vel
1775 1006 2192 1068 conciliatione

436 1100 878 1164 commendata.
1825 1111 1832 1117 ’

1234 1279 1309 1339 V.
2075 1337 2085 1345 .

516 1389 901 1452 BELGICA
922 1389 1092 1450 Fidei
1116 1388 1456 1465 ConfessiO,
1480 1389 1716 1451 Gallice
1740 1390 2005 1473 primum
2032 1413 2190 1453 anno

431 1489 688 1552 Domini
727 1486 903 1549 1561.
935 1487 1157 1570 scripta
1194 1486 1331 1562 fuit,
1357 1498 1428 1548 ut
1465 1485 1995 1563 demonstraretur,
2025 1510 2189 1570 quae-

432 1609 571 1651 nam
615 1596 772 1647 esset
808 1584 1078 1645 doctrina
1118 1605 1327 1644 eorum
1368 1583 1469 1665 qui
1507 1583 1570 1643 in
1602 1583 1904 1659 Flandria,
1931 1585 2188 1658 Artesia‚

433 1683 782 1754 Hannonia,
828 1683 936 1743 &c
988 1680 1364 1764 gravissimas
1414 1681 1855 1763 persecutiones
1905 1693 1966 1743 et
2009 1683 2187 1744 afflic-

431 1783 624 1844 tiones
668 1780 1069 1865 patiebantur,
1099 1776 1275 1839 sicuti
1306 1789 1367 1838 et
1397 1778 1460 1837 in
1493 1778 1712 1852 Gallia,
1731 1778 1861 1858 jam
1909 1780 1985 1839 ab
2029 1802 2187 1840 anno

441 1890 618 1940 1525.
688 1877 869 1937 Anno
915 1897 1052 1936 vero
1103 1883 1280 1950 1579.
1325 1874 1388 1935 in
1432 1873 1630 1956 Belgii
1679 1873 1929 1957 Synodo
1970 1878 2186 1936 confir-

434 1985 614 2048 mata,
669 1972 919 2055 Belgice
986 1970 1206 2053 scripta
1269 1969 1400 2031 fuit.
1486 1970 1670 2030 Anno
1732 1992 1872 2031 vero
1927 1969 2183 2032 Domini

441 2084 464 2131 1
478 2081 618 2134 581.
648 2068 978 2132 Latinitate
1007 2067 1244 2129 donata.

1753 3654 2181 3710 PROFESSIO
