2418 4172
830 409 1303 463 SAXONICA.
1833 410 1937 464 263

194 550 352 627 leret
394 562 463 612 ut
501 550 740 635 decepit
771 552 985 626 Evam,
1015 551 1258 647 impulit
1293 550 1500 611 ftatres
1526 547 1781 631 Joseph,
1810 550 1935 612 Da-

190 632 414 706 videm,
454 645 515 694 et
558 635 703 695 alios
748 635 1233 696 innumerabiles.
1320 633 1473 701 Quae
1516 630 1697 713 igitur
1733 644 1934 723 potest

190 733 321 775 esse
369 717 472 777 dili
556 718 699 789 ntia,
742 717 832 777 vel
887 714 1364 797 circumspectiO,
1406 734 1513 795 par
1567 714 1934 775 astutissimo

192 796 391 859 hosti?
521 800 575 859 ic
623 811 932 858 teneamus
975 796 1380 858 dulcissimam
1426 795 1929 856 consolationem:

428 882 478 941 it
524 880 720 941 Folius
765 880 910 952 Dei,
952 887 1023 939 ut
1071 879 1346 939 destruat
1394 899 1579 959 opera
1624 878 1883 941 Diaboli
1908 905 1928 939 .·

116 972 389 1038 :‚·eustos
445 973 537 1022 est
581 962 769 1023 Filius
815 962 933 1023 Dei
983 961 1271 1022 Ecclesiae
1319 983 1459 1033 suae,
1506 960 1661 1020 sicut
1719 961 1775 1020 in
1826 963 1931 1035 uit,

186 1041 385 1105 Nemo
427 1045 629 1126 rapiet
676 1067 813 1106 oves
862 1066 1027 1105 meas
1077 1066 1151 1105 ex
1205 1043 1481 1104 manibus
1538 1043 1703 1103 mei&
1781 983 1930 1126 (lpse

185 1126 447 1210 protegit
484 1149 611 1202 nos,
638 1140 699 1188 et
738 1128 917 1188 simul
948 1126 1174 1220 Spiritu
1215 1149 1323 1187 suo
1353 1126 1575 1186 Sancto
1614 1127 1930 1188 confirmat

185 1220 419 1270 mentes
463 1209 524 1270 in
568 1211 720 1271 veris
765 1210 1107 1270 sententiis:
1150 1221 1211 1269 et
1255 1221 1323 1269 ut
1366 1208 1608 1268 inchoat
1646 1220 1928 1270 aeternam

185 1291 390 1366 vitam,
419 1293 501 1353 ita
544 1304 606 1354 et
650 1306 849 1353 motus
894 1294 1103 1364 bonOS,
1136 1291 1338 1362 tidem,
1364 1290 1748 1351 dilectionem
1789 1292 1928 1364 Dei,

183 1394 383 1435 veram
429 1374 887 1448 invocationem,
915 1397 1106 1457 spem,
1146 1374 1502 1446 castitatem,
1530 1386 1592 1435 et
1634 1374 1779 1434 alias
1813 1374 1930 1435 vir-

184 1467 344 1517 tutes
375 1457 433 1516 in
465 1458 742 1519 cordibus
773 1457 1060 1517 accendit.
1144 1457 1547 1537 Nequaquam
1581 1478 1787 1517 sumus
1818 1458 1930 1518 Pe-

186 1538 425 1621 lagiani,
453 1539 555 1600 sed
596 1553 929 1600 reverenter
971 1539 1189 1618 gratias
1234 1539 1467 1619 agimus
1508 1539 1645 1599 Deo
1686 1551 1929 1613 aetern0‚

183 1620 344 1681 Patri
375 1621 627 1682 Domini
660 1622 842 1682 nostri
882 1623 1029 1682 Jesu
1062 1621 1311 1691 Christi,
1340 1633 1400 1680 et
1433 1621 1586 1680 Filio
1623 1621 1751 1699 ejus
1778 1621 1930 1682 Jesu

180 1701 446 1775 Christo,
474 1714 535 1763 et
577 1704 803 1785 Spiritu
849 1703 1091 1775 Sancto,
1126 1724 1265 1763 cum
1315 1724 1421 1783 pro
1464 1714 1593 1761 toto
1636 1703 1929 1763 beneficio

178 1784 388 1844 salutis
428 1785 719 1845 restitutae
765 1784 1103 1855 hominum,
1133 1796 1266 1844 tum
1306 1787 1446 1843 vero
1529 1805 1593 1842 ro
1638 1783 1755 1844 hoc
1798 1785 1928 1866 ipso

178 1865 492 1939 beneficiO,
530 1867 694 1948 quod
746 1866 808 1926 in
857 1866 1131 1928 Ecclesia
1180 1865 1414 1926 habitat
1517 1865 1652 1925 ilius
1700 1866 1841 1940 Dei,
1870 1878 1932 1928 et

177 1970 310 2009 eam
342 1971 449 2010 sua
476 1949 686 2010 dextra
716 1950 993 2031 protegit,
1021 1962 1083 2008 et
1110 1948 1358 2030 depellit
1381 1971 1416 2008 a
1438 1948 1612 2008 nobis
1636 1948 1926 2022 diabolos,

178 2041 241 2091 et
282 2031 342 2091 in
390 2031 504 2092 hac
547 2042 714 2093 tanta
758 2031 1108 2091 infirmitate
1149 2042 1350 2091 nostra
1385 2053 1493 2091 nos
1525 2044 1837 2106 sustentat,
1868 2045 1930 2094 et

179 2113 333 2195 regit
371 2126 604 2175 mentes
648 2126 709 2174 et
752 2114 930 2174 corda
970 2136 1078 2173 suo
1107 2112 1332 2196 Spiritu
1364 2114 1604 2184 Sanct0,
1633 2126 1702 2174 ut
1736 2115 1932 2177 luceat

179 2195 243 2258 in
288 2196 461 2257 nobis
505 2197 627 2257 veri
672 2197 791 2257 Dei
837 2196 1085 2278 agniti0,
1127 2207 1189 2255 et
1238 2196 1534 2256 excitetur
1577 2217 1715 2257 vera
1762 2197 1929 2259 invo-

175 2278 351 2341 catio.

262 2360 424 2422 Hoee
459 2363 750 2423 beneficia
787 2363 960 2423 nobis
998 2361 1262 2445 praestari
1305 2371 1468 2422 certo
1505 2361 1746 2435 scimus,
1775 2361 1932 2423 sicut

174 2442 526 2505 dulcissime
554 2444 783 2506 dictum
817 2457 909 2505 est
937 2444 1095 2527 apud
1126 2444 1482 2504 Zachariam
1515 2466 1646 2526 cap.
1670 2444 1775 2504 xii.
1805 2442 1928 2528 Ef-

150 2524 431 2610 flandum
471 2549 658 2609 super
699 2528 937 2588 domum
974 2527 1205 2600 David,
1234 2535 1295 2587 et
1336 2526 1707 2587 habitatores
1732 2527 1927 2587 Jeru-

173 2607 383 2684 salem,
413 2610 711 2691 Spiritum
740 2612 963 2694 gratim
990 2619 1049 2671 et
1071 2630 1340 2691 precum.
1424 2608 1724 2670 Nominat
1756 2610 1927 2692 spiri-

175 2706 306 2751 tum
444 2694 562 2767 tiae,
589 2694 732 2773 quia
760 2695 820 2753 in
854 2694 968 2754 hac
997 2692 1406 2754 consolatione
1440 2692 1795 2752 testificatur
1823 2692 1925 2752 Fi-

175 2772 294 2840 lius
323 2714 463 2847 ΕΞ,
490 2776 814 2858 obsignans
855 2798 965 2836 nos
995 2775 1224 2858 Spiritu
1261 2775 1502 2844 Sanet0,
1532 2774 1693 2855 quod
1735 2774 1922 2835 simus

178 2854 240 2915 in
267 2856 476 2949 gratia,
503 2868 564 2917 et
592 2858 754 2938 quod
783 2860 1105 2918 liberemur
1132 2880 1207 2918 ex
1238 2857 1542 2917 doloribus
1572 2856 1921 2918 inferorum.

176 2936 417 2998 Deinde
440 2940 718 3000 nominat
744 2940 1022 3022 spiritum
1045 2962 1313 3023 precum,
1335 2939 1474 3019 quia
1505 2961 1645 2998 cum
1678 2939 1922 3017 agnovi-

178 3040 314 3080 mus
371 3021 780 3082 remissionem
839 3034 1243 3105 peccatorum,
1291 3021 1416 3100 jam
1477 3043 1599 3080 non
1656 3020 1921 3101 fugimus

175 3099 404 3176 Deum,
434 3125 553 3164 non
596 3091 908 3165 freminius
953 3104 1231 3165 adversus
1269 3104 1510 3163 Deum:
1556 3102 1655 3162 sed
1689 3103 1921 3163 accedi-

177 3205 313 3245 mus
341 3184 415 3245 ad
445 3206 583 3246 eum
617 3207 754 3247 vera
782 3187 900 3247 fide
928 3199 989 3247 et
1018 3209 1143 3268 spe,
1165 3189 1427 3269 petimus
1450 3197 1510 3246 et
1533 3196 1920 3267 expectamus

177 3267 254 3327 ab
282 3288 355 3327 eo
384 3268 694 3341 auxilium,
714 3268 1022 3350 diligimus
1051 3290 1213 3341 eum,
1235 3279 1295 3327 et
1318 3290 1424 3327 nos
1450 3268 1503 3327 ei
1528 3267 1916 3346 subjicimus:

175 3348 260 3409 ita
303 3351 374 3409 fit
417 3349 720 3410 inchoatio
760 3350 1136 3411 obedientiae.
1224 3349 1458 3410 Eodem
1503 3349 1683 3408 modo
1721 3350 1919 3432 inquit

172 3430 517 3492 Dominus:
563 3431 700 3515 Ego
734 3433 960 3514 rogabo
998 3431 1271 3504 Patrem,
1302 3439 1360 3491 et
1403 3430 1593 3491 alium
1624 3429 1921 3495 Paracle-

174 3522 304 3575 tum
333 3514 503 3574 dabit
529 3515 707 3588 vobis,
737 3515 1037 3596 Spiritum
1066 3513 1362 3575 veritatis.
1446 3513 1743 3575 Accendit
1780 3514 1919 3599 Spi-

153 3596 323 3656 ,ritus
353 3598 608 3658 Sanctus
652 3598 848 3659 lucem
896 3596 1159 3657 veritatis
1197 3595 1259 3656 in
1295 3597 1617 3671 mentibus,
1643 3608 1705 3657 et
1731 3619 1917 3660 novos

176 3689 375 3741 motus
417 3680 478 3740 in
523 3680 799 3742 cordibus
841 3690 1236 3762 congruentes
1278 3700 1418 3739 cum
1464 3678 1596 3762 lege
1625 3678 1796 3757 ,Deiz
1846 3692 1916 3742 ut
2010 3687 2019 3691 ’

1001 3783 1028 3821 s
1059 3773 1094 3821 4
1646 3771 1681 3785 '
