2418 4172
453 357 560 411 DE
600 358 888 412 DIVINA
927 356 1728 415 PRAEDESTINATIONE.
1859 364 1965 419 407

215 498 486 569 trahere3
531 522 633 560 seu
672 522 808 562 vera
845 512 907 562 et
944 501 1142 583 ipsum
1187 500 1306 561 fide
1342 500 1582 574 donare,
1603 501 1956 581 justificare,

215 581 605 657 sanctificare,
646 597 707 644 et
762 596 1039 667 potenter
1094 583 1155 643 in
1203 583 1340 643 Filii
1391 583 1481 644 sui
1529 586 1956 647 communione

213 663 543 725 custoditos
571 666 814 726 tandem
837 666 1168 747 glorificare
1188 663 1468 737 deci-evit,
1491 664 1564 725 ad
1585 664 1957 728 demonstra-

212 744 439 807 tionem
470 768 592 808 suae
621 746 1055 820 misericordie,
1083 757 1145 805 et
1172 746 1409 807 laudem
1446 746 1786 808 divitiarum
1827 750 1955 830 glo-

212 826 381 889 riosae
428 849 554 889 auae
599 829 823 908 gratioe,
867 828 1023 888 sicut
1065 826 1356 910 scriptum
1413 838 1537 889 est:
1589 828 1805 912 Elegit
1846 853 1954 892 nos

214 908 395 971 Deus
430 910 495 971 in
530 910 790 986 Christo,
819 917 962 971 ante
979 909 1166 990 jacta
1203 910 1414 970 mundi
1416 908 1856 995 fundamenta,
1885 923 1954 975 ut

210 1011 470 1052 memus
508 994 709 1053 sancti
749 1001 810 1054 et
850 991 1148 1072 inculpati
1189 993 1254 1053 in
1292 1001 1608 1075 con-spectu
1638 994 1787 1077 ejus,
1818 1017 1952 1058 cum

209 1072 552 1144 char-itate3
681 1076 704 1136 i
731 1074 1185 1157 pradestinavit
1222 1097 1328 1136 nos
1362 1098 1509 1160 quos
1538 1076 1861 1158 adoptaret
1888 1080 1951 1140 in

182 1152 388 1238 filios,
406 1178 524 1238 per
548 1098 765 1219 «gistum
802 1158 1132 1232 Christum,
1162 1158 1226 1218 in
1259 1179 1407 1233 sese,
1427 1181 1546 1240 pro
1585 1159 1953 1242 beneplacito

205 1237 536 1301 voluntatis
562 1262 703 1315 sua,
732 1241 816 1302 ad
842 1240 1082 1301 laudem
1104 1239 1386 1323 gloriosa
1412 1264 1534 1303 suae
1558 1243 1802 1325 gratia,
1831 1265 1953 1327 qua

206 1339 316 1381 nos
335 1324 547 1404 gratis
571 1323 688 1384 sibi
715 1331 990 1404 acceptos
992 1320 1166 1406 fecit
1188 1324 1250 1384 in
1272 1323 1379 1384 illo
1401 1323 1633 1386 dilecto.
1663 1325 1889 1408 Ephes.
1910 1328 1949 1387 i.

207 1414 268 1476 4,
297 1414 356 1478 5,
385 1405 445 1466 6.
517 1404 600 1465 Et
642 1406 818 1467 alibiz
884 1406 1053 1471 Quos
1090 1406 1567 1487 pradestinavit,
1615 1429 1711 1468 eos
1764 1409 1949 1470 etiam

207 1487 443 1548 vocavit
450 1514 478 1583 .’‘
524 1495 584 1548 et
770 1489 1022 1561 vocavit,
1039 1510 1136 1549 eos
1156 1490 1337 1550 etiam
1343 1487 1753 1585 justificavi&
1798 1512 1949 1585 qaas

205 1571 591 1653 autemyusti
668 1572 813 1645 avit,
843 1592 941 1632 eos
977 1572 1160 1632 etiam
1190 1570 1586 1654 glorificavit.
1616 1572 1795 1633 Rom.
1823 1574 1946 1634 vui.

202 1659 306 1711 ³⁰⁶
974 1733 1152 1794 vm.

286 1812 447 1876 Haec
473 1814 686 1876 electio
714 1838 835 1876 non
863 1827 955 1875 est
982 1815 1323 1898 multiplex,
1356 1815 1458 1876 sed
1489 1838 1606 1876 una
1641 1828 1702 1877 et
1733 1817 1941 1878 eadem

199 1896 475 1959 omnium
498 1898 915 1958 salvandorum
941 1898 1005 1958 in
1022 1897 1239 1958 Vetere
1259 1911 1322 1959 et
1336 1898 1517 1959 Novo
1536 1899 1945 1973 Testamento,

200 1978 691 2059 quandoquidem
724 1981 1031 2063 Scriptura
1067 1981 1311 2041 unicum
1352 1980 1637 2063 praedicat
1666 1983 1946 2065 benepla-

201 2061 413 2134 citum,
440 2063 837 2145 propositum,
866 2074 927 2123 et
955 2062 1269 2123 consilium
1302 2064 1623 2124 voluntatis
1653 2064 1792 2138 Dei,
1821 2077 1945 2146 quo

202 2164 309 2203 nos
352 2145 429 2204 ab
471 2155 694 2205 aeterno
735 2145 916 2227 elegit
958 2155 1019 2205 et
1057 2144 1133 2205 ad
1278 2144 1421 2205 tiam
1454 2156 1514 2205 et
1543 2145 1616 2206 ad
1645 2146 1938 2227 gloriam3

198 2235 262 2285 et
303 2225 377 2287 ad
421 2226 674 2287 salutem
715 2237 776 2288 et
813 2227 887 2287 ad
925 2227 1083 2287 viam
1115 2166 1343 2301 samis,
1372 2249 1554 2308 quam
1587 2230 1940 2312 praeparavit

198 2318 269 2368 ut
294 2308 359 2368 in
386 2330 458 2369 ea
485 2310 879 2370 ambulemus.

280 2472 510 2534 Eadem
546 2474 675 2535 haec
702 2474 915 2534 electio
943 2474 1101 2534 facta
1129 2484 1220 2533 est
1248 2494 1367 2533 non
1408 2494 1485 2533 ex
1521 2473 1768 2556 praevisa
1800 2473 1940 2547 fide,

198 2554 460 2637 fideique
499 2556 859 2629 obedientia,
891 2558 1225 2629 sanctitate,
1254 2566 1358 2616 aut
1395 2555 1510 2615 alia
1547 2556 1745 2636 aliqua
1779 2557 1938 2617 bona

197 2638 485 2731 qualitate
512 2651 574 2699 et
600 2638 1006 2722 dispositione,
1032 2650 1319 2719 tanquam
1353 2659 1561 2698 caussa
1595 2660 1698 2698 seu
1734 2638 1939 2699 condi-

196 2730 361 2780 tione
389 2721 448 2781 in
482 2721 725 2782 homine
747 2721 1022 2803 eligendo
1043 2720 1467 2804 proerequisita,
1497 2720 1598 2781 sed
1631 2720 1702 2780 ad
1734 2720 1937 2793 fidem,

197 2800 459 2883 fideique
487 2803 910 2878 obedientiam,
938 2804 1335 2875 sanctitatem,
1364 2805 1472 2863 διο.
1556 2803 1648 2862 Ac
1686 2803 1935 2884 proinde

195 2884 410 2944 electio
457 2896 549 2946 est
591 2886 725 2946 fons
767 2886 964 2946 omnis
1006 2885 1277 2947 salutaris
1329 2884 1501 2944 boni:
1558 2883 1719 2944 unde
1767 2884 1934 2959 fides,

195 2967 498 3040 sanctitas,
526 2977 588 3028 et
615 2968 842 3049 reliqua
870 2969 1026 3029 dona
1054 2969 1334 3039 salvifica,
1363 2967 1491 3048 ipsa
1520 2965 1778 3046 denique
1811 2967 1934 3027 vita

195 3061 436 3120 aeterna‚
468 3060 536 3110 ut
572 3043 821 3111 fructus*
838 3063 900 3111 et
935 3051 1181 3111 effectus
1210 3050 1336 3129 ejus
1371 3049 1694 3130 profluunt,
1723 3070 1933 3109 secun-

194 3130 342 3192 dum
373 3131 520 3192 illud
548 3133 857 3215 Apostoli:
914 3131 1127 3215 Elegit
1170 3153 1276 3192 nos
1320 3133 1467 3204 (non
1500 3130 1643 3211 quia
1672 3152 1928 3204 eramus,

195 3213 326 3293 sed)
358 3222 429 3275 ut
457 3236 717 3276 essemus
741 3216 940 3276 sancti
966 3223 1026 3276 et
1050 3214 1350 3295 inculpati
1374 3214 1439 3273 in
1467 3220 1780 3294 con-spectu
1802 3214 1931 3295 ᾔτεε

195 3296 260 3357 in
288 3296 604 3358 charitate.
629 3297 855 3380 Ephes.
885 3298 921 3357 i.
952 3310 1089 3438 ⁴⁶X

276 3461 503 3522 Caussa
544 3483 684 3522 vero
726 3461 904 3542 hujus
940 3425 1211 3543 gratuitae
1251 3457 1579 3531 electionis,
1606 3468 1698 3519 est
1729 3458 1923 3520 solum

194 3542 311 3604 Dei
342 3545 805 3629 beneplacitum,
826 3566 945 3604 non
976 3545 1038 3603 in
1067 3563 1141 3603 eo
1168 3541 1516 3614 consistens,
1545 3539 1707 3622 quod
1735 3553 1925 3603 certas

193 3626 506 3705 qualitates
535 3648 639 3688 seu
668 3626 932 3688 actiones
967 3626 1280 3769 hamana,
1309 3645 1383 3684 ex
1418 3623 1699 3713 omnibus
1720 3626 1924 3706 possi-
1992 3653 1999 3656 -

941 3727 987 3770 1>
1085 3720 1122 3768 4
1626 3732 1660 3746 f
