2418 4172
428 316 535 375 196
923 371 926 374 ⁴
1054 321 1542 377 CONFESSIO

432 460 663 523 tionem
701 463 863 524 velut
905 463 967 523 in
1006 465 1369 546 spectaculo,
1398 464 1554 526 sicut
1590 465 1897 527 somniant
1934 465 2042 539 illi,
2070 463 2177 546 qui

432 543 765 607 defendunt
819 546 1100 607 meritum
1149 570 1227 609 ex
1276 570 1455 643 opere
1499 558 1780 631 operato:
1837 547 1940 608 sed
1997 547 2182 630 signi-

435 628 577 689 ficat
605 627 725 689 fide
753 629 1042 691 recordari
1066 631 1524 713 promissionem
1547 643 1609 692 et
1631 630 2015 705 beneficium,
2034 652 2180 692 con-

434 709 608 772 solari
638 712 1089 786 conscientiam,
1118 725 1179 775 et
1207 714 1424 797 gratias
1454 736 1627 796 agere
1655 735 1764 797 pro
1793 724 1961 774 tanto
1999 714 2181 774 bene-

433 793 591 854 ficio.
677 794 1029 889 Principalis
1071 797 1236 858 enim
1290 819 1467 858 causa
1516 796 1908 858 institutionis
1958 807 2069 870 cst,
2109 806 2182 855 ut

435 874 585 937 fides
629 876 710 937 ibi
755 890 1050 939 excitetur
1091 891 1153 939 et
1194 892 1557 955 exerceatur,
1600 902 1739 940 cum
1793 879 1908 940 hoc
1958 879 2180 962 pignus

434 959 640 1040 gratioe
695 959 1043 1043 accipimus.
1131 962 1420 1025 Praeterea
1465 962 1764 1022 institutio
1811 960 2072 1036 ordinat,
2114 971 2181 1020 ut

435 1042 542 1102 fiat
571 1044 1062 1116 communicatio,
1090 1043 1206 1104 hoc
1235 1056 1345 1117 est,
1376 1055 1444 1104 ut
1475 1042 1729 1103 ministri
1760 1042 2025 1136 ccclesiae
2046 1055 2188 1124 pora
2272 1111 2281 1119 ⁸

434 1123 633 1206 rigant
660 1125 841 1185 etiam
874 1124 1003 1185 aliis
1033 1146 1250 1208 corpus
1279 1139 1341 1187 et
1369 1125 1721 1205 sanguinem
1752 1124 2027 1185 Domim.
2097 1122 2185 1184 Et

436 1206 600 1268 hunc
629 1228 860 1269 morem
890 1218 1190 1268 servatum
1219 1230 1349 1268 esse
1378 1208 1437 1267 in
1460 1207 1759 1290 principio
1780 1206 2047 1269 ecclesiae
2068 1219 2186 1268 tes-

432 1300 595 1349 tatur
636 1289 856 1349 Paulus
900 1289 975 1349 ad
1018 1289 1385 1364 Corinthios,
1414 1290 1519 1371 qui
1560 1290 1836 1373 praecipit
1874 1289 2080 1368 etiam,
2117 1299 2187 1349 ut

434 1371 532 1431 alii
566 1371 712 1431 alios
742 1382 1083 1454 expectent,
1111 1383 1181 1432 ut
1207 1374 1315 1433 fiat
1342 1372 1685 1434 communis
1714 1371 2116 1455 participatio.

518 1453 836 1515 Patefactis
877 1454 1061 1535 igitur
1098 1455 1383 1516 abusibus
1425 1455 1670 1538 privatae
1706 1456 1925 1530 missae,
1948 1454 2093 1536 quia
2125 1465 2188 1515 et

435 1536 734 1619 pleraeque
785 1558 997 1598 omnes
1046 1539 1277 1600 fiebant
1323 1550 1567 1622 propter
1614 1539 1783 1599 illam
1836 1536 2188 1632 applicatio-

435 1641 576 1680 nem
616 1641 725 1701 pro
764 1620 1023 1702 peccatis
1065 1621 1341 1695 aliorum,
1369 1633 1431 1682 et
1471 1643 1596 1682 non
1638 1631 2008 1683 conveniunt
2042 1641 2185 1682 cum

435 1701 814 1763 institutione
863 1702 1111 1778 Christi,
1157 1703 1464 1764 desierunt
1515 1703 1577 1764 in
1633 1704 1849 1765 nostris
1899 1701 2185 1764 ecclesiis.

434 1783 550 1845 Est
605 1796 809 1846 autem
866 1785 1142 1846 instituta
1197 1808 1318 1847 una
1371 1787 1715 1848 communis
1773 1786 1976 1857 missa,
2007 1785 2188 1867 juxta

438 1866 665 1928 Christi
709 1866 1169 1943 ordinationem,
1194 1868 1275 1929 ·in
1319 1890 1439 1950 qua
1485 1881 1749 1950 pastores
1798 1868 2185 1930 ecclesiarum

436 1960 804 2021 consecrant,
855 1962 1124 2025 sumunt,
1179 1962 1242 2012 et
1297 1952 1455 2033 porri
1503 1963 1616 2012 unt
1669 1951 1799 2012 aliis
1854 1971 2190 2027 sacramen,-

435 2045 569 2094 tum
626 2033 890 2115 corporis
946 2044 1009 2093 et
1073 2033 1380 2116 sanguinis
1496 2034 1686 2094 hristi.
1768 2032 1856 2093 Et
1918 2034 1991 2094 fit
2050 2033 2189 2095 talis

438 2115 622 2177 missa
657 2115 912 2197 singulis
954 2114 1135 2189 feriis,
1164 2128 1348 2198 atque
1386 2116 1517 2178 aliis
1556 2117 1739 2177 etiam
1768 2115 2002 2192 diebus,
2029 2115 2188 2198 siqui

434 2199 624 2260 velint
664 2198 754 2259 uti
800 2209 1191 2259 sacramento.
1278 2200 1415 2261 Nec
1458 2199 1863 2260 admittuntur
1905 2198 1982 2260 ad
2022 2217 2190 2261 com-

436 2281 814 2355 munionem,
842 2281 958 2342 nisi
989 2292 1164 2342 antea
1193 2282 1506 2365 explorati.
1589 2282 1916 2343 Adduntur
1948 2292 2011 2343 et
2045 2303 2190 2344 con-

436 2364 638 2425 ciones
687 2364 822 2447 piae,
865 2363 1021 2425 sieut
1062 2364 1341 2425 Christus
1387 2366 1694 2448 praecepit,
1735 2377 1806 2425 ut
1854 2365 2191 2426 habeantur

437 2447 756 2507 conciones
793 2468 932 2507 cum
966 2446 1096 2508 haec
1124 2449 1465 2508 ceremonia
1494 2459 1802 2508 tractatur.
1888 2446 1972 2508 Et
2001 2446 2061 2507 in
2093 2446 2187 2507 his

437 2529 848 2600 concionibus,
889 2550 1031 2590 cum
1075 2529 1151 2590 de
1194 2530 1420 2590 caeteris
1465 2530 1726 2591 articulis
1768 2541 1832 2590 et
1873 2528 2188 2623 proeceptis

435 2611 730 2694 evangelii
773 2610 1093 2693 diligenter
1133 2611 1428 2673 docentur
1471 2612 1765 2686 homines,
1808 2624 1942 2673 tum
1998 2623 2186 2673 etiam

440 2692 858 2767 admonentur,
901 2693 975 2754 ad
1020 2715 1203 2774 quem
1251 2716 1427 2756 usum
1480 2695 1824 2757 institutum
1875 2694 1954 2756 sit
1996 2715 2190 2756 sacra-

440 2786 740 2850 mentum,
765 2775 1064 2852 videlicet,
1093 2799 1213 2838 non
1252 2777 1414 2859 quod
1455 2799 1530 2839 ex
1569 2800 1750 2861 opere
1788 2788 2035 2861 operato
2063 2798 2191 2839 me-

438 2870 637 2920 reatur
675 2858 760 2920 eis
798 2859 1211 2921 remissionem
1252 2872 1637 2944 peccatorum
1668 2861 1799 2922 haec
1827 2859 2189 2935 ceremonia,

440 2941 543 3003 sed
573 2941 736 3023 quod
768 2954 1206 3004 sacramentum
1245 2944 1322 3004 sit
1359 2942 1799 3018 testimonium,
1827 2944 1906 3004 sit
1946 2942 2190 3026 pignus,

440 3047 564 3106 quo
591 3024 872 3086 Christus
901 3034 1151 3087 testetur
1177 3048 1239 3087 se
1270 3027 1442 3087 nobis
1473 3039 1752 3110 praestare
1788 3025 2100 3110 promissa,
2126 3038 2190 3088 et

440 3107 600 3188 quod
647 3106 1071 3251 {romissiones
1112 3107 1187 3169 ad
1227 3131 1336 3169 nos
1364 3110 1743 3192 pertineant3
1787 3107 1951 3190 quod
1980 3108 2191 3170 Chris-

441 3203 536 3252 tus
580 3212 655 3252 ex
705 3190 865 3252 ibeat
907 3190 1081 3252 nobis
1125 3213 1341 3274 corpus
1382 3214 1582 3267 suum,
1617 3205 1685 3253 ut
1725 3203 1979 3253 testetur
2018 3212 2084 3252 se
2123 3190 2185 3251 in

440 3273 612 3334 nobis
639 3273 944 3336 efficacem
975 3295 1105 3335 esse
1131 3286 1419 3356 tanquam
1451 3276 1512 3336 in
1544 3274 1834 3338 membris
1855 3273 1996 3346 suis,
2016 3271 2189 3333 exhi-

439 3357 575 3416 beat
614 3355 991 3439 sanguinem,
1021 3369 1088 3418 ut
1117 3369 1379 3419 testetur
1411 3380 1520 3419 nos
1550 3356 1714 3420 ablui
1743 3355 2033 3439 sanguine
2059 3374 2185 3414 suo.

445 3437 690 3499 Prodest
719 3438 901 3533 igitur
929 3451 1368 3502 sacramentum
1402 3441 1515 3515 his,
1537 3442 1640 3522 qui
1671 3449 1860 3523 agunt
1886 3435 2188 3519 poeniten-

443 3518 608 3592 tiam,
649 3533 711 3581 et
756 3521 839 3581 ibi
885 3535 1161 3602 quoerunt
1206 3523 1697 3594 consolationem,
1737 3531 1801 3581 et
1844 3518 2184 3579 confirmati

442 3598 557 3660 hoc
601 3602 945 3664 testimonio
982 3604 1235 3666 credunt
1271 3627 1407 3666 vere
1442 3604 1558 3665 sibi
1591 3600 1852 3686 prestari
1885 3600 2186 3663 remissio-
