2418 4172
866 320 1417 379 HELVETICA.
1939 330 2012 384 87

264 468 399 543 tiss,
426 470 535 531 ἃς.
607 468 842 542 Ritum,
870 471 1141 541 modum,
1169 468 1262 528 vel
1295 467 1548 528 formam
1579 465 1815 541 Coenae,
1844 470 2006 531 illam

262 549 679 613 existimamus
733 571 863 612 esse
917 550 1425 635 simplicissimam
1483 560 1547 610 et
1595 552 2010 630 praestantissi·

263 653 450 709 mam,
478 656 612 716 quoe
654 634 929 718 proxime
968 634 1198 698 accedit
1235 632 1311 694 ad
1343 633 1600 715 primam
1632 631 1887 692 Domini
1919 633 2010 694 in·

262 716 660 791 stitutionem,
703 726 763 777 et
806 719 1195 799 apostolicam
1246 715 1619 776 doctrinam:
1663 734 1803 794 quae
1845 714 2011 775 vide·

261 798 406 860 lieet
438 810 675 861 constat
713 802 1176 863 annunciatione
1204 799 1367 859 verbi
1396 796 1538 871 Dei,
1567 796 1846 878 precibus
1875 797 2009 879 piis,

261 882 393 966 ipsa
427 882 665 944 actione
694 882 1044 958 Dominica,
1080 895 1141 945 et
1179 880 1534 963 repetitione
1574 878 1722 958 ejus,
1751 878 2009 940 mandu-

260 963 499 1027 catione
524 965 806 1048 corporis,
833 978 893 1027 et
918 979 1065 1062 potu
1095 964 1400 1047 sanguinis
1424 962 1698 1036 Domini,
1720 962 2011 1023 memoria

259 1045 407 1109 item
439 1046 650 1109 mortis
678 1046 1023 1112 Dominicae
1052 1048 1296 1120 salubri,
1323 1059 1384 1108 et
1419 1045 1745 1128 gratiarum
1775 1045 2010 1106 actione

259 1127 447 1205 fideli,
473 1151 589 1193 nec
621 1151 743 1192 non
785 1145 991 1195 sancta
1033 1130 1476 1195 consociatione
1510 1128 1571 1189 in
1611 1128 1875 1223 corporis
1914 1149 2011 1189 ec-

259 1211 576 1276 clesiastici
621 1213 926 1277 unionem.
1006 1215 1433 1299 Improbamus
1474 1211 1679 1292 itaque
1721 1211 1875 1282 illos,
1904 1212 2008 1292 qui

260 1294 508 1358 alteram
533 1297 818 1380 speciem,
838 1299 1128 1381 poculum
1160 1300 1405 1379 inquam
1429 1293 1707 1368 Domini,
1730 1293 2009 1355 fidelibus

261 1378 705 1441 subtraxerunt.
791 1382 1068 1443 Graviter
1095 1381 1258 1443 enim
1298 1379 1361 1441 hi
1402 1389 1656 1476 peccant
1683 1388 1891 1439 contra
1919 1376 2011 1438 in-

260 1461 637 1524 stitutionem
668 1462 945 1539 Domini,
981 1463 1255 1537 dicentis,
1276 1462 1487 1524 Bibae
1523 1482 1597 1522 ea·
1625 1460 1736 1521 hoc
1762 1480 2007 1521 omnes.-

215 1612 220 1618 ,
259 1542 322 1605 id
350 1544 515 1624 quod
544 1543 621 1605 ad
649 1565 891 1627 panem,
917 1568 1038 1608 non
1069 1547 1153 1607 ita
1181 1566 1459 1628 expresse
1486 1543 1659 1604 dixit.

343 1625 539 1688 hfissa
579 1626 774 1707 qualis
826 1628 1150 1709 aliquando
1194 1650 1230 1688 a
1275 1626 1356 1687 ud
1399 1637 1630 1686 veteres
1678 1622 1878 1697 fuer-it,
1918 1633 2010 1683 to-

257 1706 519 1769 lerabilis
547 1730 622 1769 an
664 1708 1074 1785 intolerabilis,
1101 1649 1286 1771 motio
1314 1730 1435 1769 non
1465 1706 1864 1788 disputamus,
1893 1704 2011 1766 hoc

257 1800 460 1853 autem
490 1791 676 1853 libere
703 1791 984 1869 dicimus,
1000 1793 1280 1866 missam,
1310 1812 1445 1872 quae
1474 1788 1656 1850 hodie
1683 1788 1745 1849 in
1777 1808 1890 1849 usu
1919 1798 2011 1849 est

256 1892 368 1968 per
417 1874 753 1936 universam
813 1876 1156 1938 Romanam
1213 1873 1554 1946 ecclesiam,
1601 1870 1892 1955 plurimas
1948 1881 2010 1931 et

248 1956 615 2037 justissimas
671 1957 919 2039 quidem
968 1961 1050 2020 ob
1098 1981 1326 2033 causas,
1370 1957 1429 2017 iu
1475 1954 1740 2017 ecclesiis
1791 1954 2008 2015 nostris

258 2058 390 2101 ase
425 2040 796 2122 abrogatam,
823 2063 973 2122 quas
1011 2042 1316 2123 sigillatim
1350 2041 1431 2100 ob
1460 2038 1816 2099 brevitatem
1845 2057 2010 2097 nunc

260 2141 383 2183 non
412 2142 977 2186 commemoramus.
1063 2123 1242 2186 Certe
1281 2123 1613 2206 approbare
1649 2141 1771 2181 non
1809 2120 2012 2203 potui-

261 2224 416 2280 mus,
442 2203 607 2287 quod
634 2226 710 2267 ex
741 2207 975 2269 actione
1002 2207 1244 2282 salubri,
1273 2204 1683 2289 spectaculum
1716 2202 1892 2263 inane
1919 2213 2012 2263 est

258 2285 509 2361 fictum,
535 2287 698 2369 quod
738 2289 886 2350 item
924 2290 1083 2352 facta
1119 2301 1212 2351 est
1250 2288 1554 2350 meritoria
1581 2286 1673 2346 vel
1713 2285 2011 2347 celebrata

257 2386 369 2465 pro
395 2369 611 2454 pretio,
636 2372 922 2454 quodque
958 2373 1020 2434 in
1061 2395 1134 2434 ea
1162 2372 1436 2434 sacerdos
1465 2369 1687 2431 dicitur
1713 2369 2010 2429 conficere

255 2470 461 2535 ipsum
507 2450 766 2516 Domini
811 2477 1051 2539 corpus,
1087 2465 1151 2517 et
1196 2456 1314 2516 hoc
1353 2454 1562 2516 offerre
1610 2450 1865 2524 realiter,
1857 2469 2010 2594 agro

254 2533 608 2597 remissione
634 2549 1019 2619 peccatorum
1043 2539 1317 2600 vivorum
1347 2548 1409 2599 et
1436 2546 1833 2605 mortuorum,
1932 2531 2010 2593 de

255 2627 319 2679 et
371 2617 437 2680 iu
493 2618 784 2683 bonorem
842 2632 905 2683 et
960 2621 1447 2696 celebrationem,
1495 2618 1591 2680 vel
1650 2615 2006 2678 memoriam

257 2712 602 2763 sanctorum
623 2700 693 2765 in
725 2705 916 2779 coelis,
938 2708 1048 2768 &c.

804 2875 1458 2918 ....-....,.-....-

516 3006 620 3069 De
653 3006 925 3102 Coetibus
955 3005 1165 3067 Sacris
1193 3012 1253 3067 et
1281 3002 1747 3066 Ecclesia-etich.

1020 3145 1242 3208 XXII.

260 3257 670 3339 TAMETSI
710 3277 994 3338 omnibus
1031 3297 1227 3337 sacras
1262 3275 1462 3337 literas
1496 3272 1779 3357 privatim
1809 3272 2007 3358 legere

254 3358 445 3435 domi,
472 3371 533 3421 et
571 3357 922 3421 instruendo
955 3357 1254 3420 aedificare
1291 3369 1573 3419 mutuum
1605 3356 1667 3419 in
1696 3378 1835 3419 vera
1871 3356 2009 3418 reli-

254 3442 438 3588 ἔξω
466 3443 660 3518 liceat,
687 3454 755 3504 ut
782 3454 989 3505 tamen
1020 3440 1292 3523 legitime
1329 3439 1726 3503 annuncietur
1751 3440 2005 3503 verbum

351 3526 374 3543 ·’
419 3527 667 3611 populo,
695 3538 759 3588 et
798 3545 1005 3610 preces
1048 3545 1120 3585 ac
1155 3523 1624 3609 supplicationes
1660 3524 1812 3586 flant
1846 3524 2006 3608 pub-

257 3609 391 3684 lice,
428 3622 803 3673 sacramenta
843 3609 987 3670 item
1031 3607 1407 3752 eglibrentur
1446 3605 1737 3691 legitime,
1776 3617 1840 3670 et
1878 3606 2005 3698 ⁰⁰¹⁸?

1654 3777 1687 3789 Ι
