2418 4172
436 326 509 384 86
1063 334 1554 391 CONFESSIO

438 474 805 536 contumelia
834 474 1121 552 afficiunt,
1149 489 1210 540 et
1239 477 1375 540 ideo
1402 478 1855 542 damnationem
1893 481 2006 542 sibi
2037 479 2182 564 ipsis

437 555 628 620 edunt
654 567 717 619 et
745 557 982 620 bibunt.

521 638 687 723 Ergo
714 663 931 724 corpus
951 641 1206 704 Domini
1234 655 1297 705 et
1324 645 1677 726 sanguinem
1707 644 1837 725 ejus
1858 666 1998 707 cum
2028 666 2185 728 pane

438 732 500 784 et
528 723 668 784 vino
697 746 816 784 non
851 725 931 785 ita
960 726 1406 808 conjungimus,
1438 742 1506 789 ut
1546 751 1760 810 panem
1797 729 1994 810 ipsum
2024 727 2189 789 dica-

440 826 576 868 mus
618 829 749 868 esse
792 830 1007 890 corpus
1036 808 1282 883 Christi,
1322 810 1432 870 nisi
1479 812 1706 872 ratione
1750 809 2186 884 sacramentali,

438 900 544 951 aut
570 891 684 951 sub
713 912 867 973 pane
895 892 1278 974 corporaliter
1306 892 1536 954 latitare
1564 917 1666 955 cor
1713 916 1780 955 us
1808 893 2071 955 Christi:
2117 903 2185 955 nt

440 972 625 1034 etiam
666 974 780 1034 sub
822 974 1134 1056 speciebus
1176 975 1349 1069 panis
1389 975 1616 1037 adorari
1655 917 1892 1050 d’ebeat,
1921 988 2028 1038 aut
2054 975 2189 1056 qui·

441 1076 683 1137 cunque
711 1056 951 1138 signum
985 1057 1294 1151 percipiat,
1322 1056 1481 1118 idem
1522 1072 1584 1120 et
1622 1082 1748 1122 rem
1779 1059 2071 1143 percipiat
2097 1057 2191 1142 ip-

442 1159 591 1200 sam.
677 1138 915 1222 Corpus
941 1138 1167 1200 Christi
1214 1139 1275 1200 in
1318 1140 1489 1203 coelis
1525 1152 1636 1215 est,
1665 1141 1741 1203 ad
1776 1142 2051 1205 dextram
2080 1141 2192 1204 Pa-

441 1221 567 1283 tris.
652 1220 902 1283 Sursum
944 1243 1088 1303 ergo
1124 1222 1412 1283 elevanda
1445 1235 1587 1284 sunt
1613 1223 1814 1298 corda,
1839 1236 1902 1293 et
1936 1246 2062 1287 non
2086 1222 2195 1286 de-

442 1302 685 1383 figenda
712 1304 773 1364 in
805 1325 1043 1385 panem,
1073 1326 1187 1365 nec
1223 1303 1560 1366 adorandus
1586 1305 1895 1368 Dominus
1923 1306 1986 1368 in
2015 1327 2191 1389 pane.

442 1385 529 1448 Et
572 1396 778 1447 tamen
828 1407 952 1448 non
998 1398 1088 1447 est
1132 1386 1347 1448 absens
1388 1387 1654 1450 ecclesioe
1700 1409 1824 1451 suoe
1865 1387 2193 1451 celebranti

442 1468 702 1531 Coenam
733 1467 1059 1532 Dominus.
1145 1470 1247 1532 Sol
1279 1470 1492 1532 absens
1521 1493 1558 1532 a
1584 1472 1759 1532 nobis
1795 1471 1857 1532 in
1896 1472 2077 1548 coelo,
2103 1471 2198 1534 ni-

446 1552 775 1614 hilominus
804 1551 1122 1614 efficaciter
1150 1566 1529 1636 praesens-est
1559 1554 1767 1616 nobis:
1810 1565 2040 1636 quanto
2068 1575 2199 1617 mn·-

490 1634 537 1695 is
560 1635 663 1695 Sol
685 1634 938 1715 justitias
960 1636 1257 1711 Christus,
1279 1658 1525 1719 corpore
1554 1637 1614 1699 in
1644 1638 1816 1700 coelis
1844 1639 2060 1700 absens
2087 1658 2199 1700 no-

445 1657 558 1792 ξίε,
589 1739 851 1798 praesens
881 1730 972 1780 est
1001 1719 1194 1793 nobis,
1223 1742 1342 1780 non
1383 1719 1767 1802 corporaliter
1795 1719 2064 1802 quidem,
2090 1718 2195 1783 sed

446 1800 835 1884 spiritualiter
861 1824 968 1884 per
996 1802 1296 1864 vivificam
1326 1804 1761 1886 operationem,
1788 1814 1852 1867 et
1877 1815 1948 1867 ut
1974 1803 1993 1865 i
2132 1825 2197 1865 se

446 1884 621 1946 nobis
649 1897 1004 1967 proesentem
1039 1884 1310 1947 futurum
1339 1885 1640 1969 exposuit,
1658 1886 1723 1948 in
1751 1885 1966 1949 ultima
2037 1907 2198 1949 oena·

444 1965 624 2031 Joan.
655 1966 775 2029 xiv.
806 1989 903 2028 xv.
930 1967 1050 2029 xvi.
1140 1967 1323 2030 Unde
1367 1990 1740 2050 consequens
1781 1980 1875 2034 est
1915 1990 2047 2045 nos,
2071 1991 2197 2032 non

447 2050 670 2111 habere
698 2049 955 2111 Coenam
999 2051 1127 2111 sine
1156 2050 1420 2126 Christo,
1449 2051 1688 2113 interim
1731 2063 1937 2117 tamen
1975 2050 2200 2115 habete

447 2132 704 2195 Coenam
760 2133 1136 2195 incruentam
1195 2144 1257 2194 et
1308 2134 1649 2216 mysticam,
1698 2134 1873 2197 sicuti
1924 2133 2202 2199 univem

448 2215 824 2298 nuncupavit
852 2228 1136 2278 vetustas.
1911 2243 1920 2249 ·

532 2298 953 2361 Admonemur
983 2311 1268 2383 praeterea
1305 2300 1705 2363 celebratione
1733 2299 1946 2364 Coenoe
1979 2299 2204 2364 Domi-

450 2382 621 2455 nicae,
672 2395 742 2444 ut
793 2405 1089 2453 memores
1139 2382 1347 2456 simus,
1392 2382 1564 2463 cujus
1613 2383 1877 2466 corporis
1927 2383 2203 2446 membra

450 2463 591 2526 facti
636 2466 845 2539 simus,
874 2477 935 2527 et
977 2465 1200 2527 idcirco
1238 2465 1562 2527 concordes
1598 2465 1787 2528 simus
1826 2487 1965 2528 cum
2006 2466 2204 2529 omni·

451 2546 565 2610 bus
603 2547 903 2623 fratribus,
932 2561 1000 2609 ut
1037 2560 1240 2610 sancte
1270 2547 1560 2624 vivamus,
1590 2559 1654 2611 et
1695 2570 1816 2611 non
1861 2549 2203 2632 polluamus

454 2651 563 2692 uos
606 2630 866 2713 flagitiis,
901 2641 963 2693 et
1007 2630 1333 2713 peregrinis
1376 2631 1785 2715 religionibus,
1821 2631 1926 2694 sed
1969 2632 2032 2694 in
2066 2654 2205 2695 vera

455 2710 575 2774 fide
619 2713 682 2775 in
726 2716 911 2776 finem
957 2736 1146 2796 usque
1185 2713 1323 2776 vitoe
1365 2727 1829 2798 perseverantes,
1857 2714 2205 2779 studeamus

454 2796 745 2858 excellere
788 2796 1184 2859 sanctimonia
1211 2796 1372 2860 vitae.
1456 2798 1655 2861 Decet
1698 2820 1860 2881 ergo,
1896 2811 1967 2862 ut
2007 2820 2208 2862 acces·

455 2878 575 2940 suri
628 2878 702 2941 ad
748 2878 1029 2956 Coenam,
1074 2880 1240 2964 prius
1290 2880 1562 2965 nosipsos
1601 2881 1785 2963 juxta
1834 2893 2202 2966 praceptum

454 2962 732 3043 Apostoli
762 2963 1107 3048 probemus,
1137 2963 1430 3045 imprimis
1465 2965 1629 3047 quali
1665 2965 1854 3028 simus
1897 2964 2017 3029 fide
2053 2986 2209 3050 prae-

455 3044 587 3122 diti,
625 3068 701 3108 an
743 3046 1058 3110 credamus
1085 3046 1397 3109 Christum
1430 3048 1681 3124 venisse,
1719 3046 2021 3111 servandis
2064 3070 2210 3132 pee-

457 3130 777 3206 catoribus,
812 3142 876 3193 et
919 3130 993 3193 ad
1080 3130 1458 3194 oenitentiam
1489 3130 1793 3207 vocandis,
1826 3143 1890 3194 et
1926 3153 2001 3195 an
2046 3131 2210 3214 qnis-

458 3234 576 3294 que
605 3212 826 3290 credat,
852 3236 918 3277 se
946 3213 1007 3276 in
1037 3152 1254 3276 iiorum
1285 3236 1414 3276 esse
1444 3236 1715 3291 numero,
1742 3215 1847 3311 qui
1876 3214 2210 3299 peern's·

460 3307 589 3357 tum
633 3297 864 3360 liberati
903 3309 1231 3373 servantur,
1259 3311 1323 3359 et
1360 3321 1435 3360 an
1476 3311 1708 3362 mutare
1735 3308 1925 3361 vitam
1960 3317 2207 3383 pravam

460 3377 802 3456 instituerit,
841 3403 912 3444 ac
947 3380 1146 3445 vivere
1187 3393 1411 3457 sancte,
1448 3395 1962 3466 perseverareqne,
1994 3379 2210 3443 auxili·

462 3473 599 3523 ante
630 3462 922 3539 Domino,
950 3465 1010 3527 in
1040 3485 1179 3528 vera
1206 3464 1514 3548 religione,
1539 3477 1601 3528 et
1631 3465 1692 3527 in
1720 3460 2039 3528 concordia
2064 3483 2206 3526 cum

461 3543 759 3622 fratribus,
785 3548 1120 3630 dignasque
1160 3548 1301 3611 Deo
1338 3571 1449 3633 pro
1486 3548 1834 3611 liberatione
1872 3568 2049 3629 agere
2076 3568 2209 3629 gra-
