2418 4172
545 335 1094 391 AUGUSTANA
1144 335 1513 390 MDxxxl.
1829 339 1926 393 151

266 475 422 540 Tam
474 479 681 539 multae
730 476 935 558 impiae
990 475 1303 559 opiniones
1355 476 1583 537 haerent
1640 476 1699 536 in
1757 480 1929 555 votis,

185 557 352 640 quod
403 557 759 638 justificent,
813 557 976 651 quod
1042 558 1163 619 sint
1224 557 1512 640 perfectio
1567 557 1929 635 Christiana,

185 638 349 721 quod
397 653 632 703 servent
680 640 929 703 consilia
978 652 1039 700 et
1134 651 1413 722 raecepta,
1454 639 1616 719 quod
1668 641 1929 703 habeant

182 742 365 805 opera
393 721 948 806 supererogationis.
1105 744 1191 784 aec
1228 722 1434 783 omnia
1462 743 1603 783 cum
1635 723 1755 784 sint
1783 723 1930 785 falsa

181 815 246 865 et
272 804 492 880 inania,
518 805 747 889 faciunt
774 816 912 865 vota
941 803 1120 865 irrita.

499 950 647 1012 vll.
693 950 799 1011 De
826 948 1144 1011 Potestate
1172 948 1630 1011 Ecclesiastica.

184 1033 566 1116 MAGNAE
607 1052 1041 1135 disputationes
1086 1052 1327 1113 fuerunt
1364 1052 1441 1113 de
1480 1064 1775 1135 potestate
1803 1055 1931 1136 epi-

184 1155 523 1218 scoporum,
553 1137 614 1196 in
658 1136 877 1216 quibus
916 1135 1188 1196 nonnulli
1231 1135 1613 1196 incommode
1642 1138 1931 1198 commis·

183 1229 437 1280 enen-unt
573 1231 848 1279 testatem
909 1218 1393 1292 ecclesiasticam,
1451 1231 1512 1279 et
1568 1231 1924 1301 potestatem

186 1298 386 1381 gladii.
470 1241 572 1362 ff
634 1323 710 1361 ex
797 1300 911 1361 hac
986 1300 1336 1361 confusione
1414 1301 1678 1362 maxima
1756 1303 1932 1377 bella,

187 1382 440 1444 maximi
469 1396 670 1444 motus
699 1384 1045 1458 extiterunt,
1065 1382 1209 1443 dum
1242 1383 1556 1465 pontifices
1577 1383 1709 1445 freti
1733 1396 1935 1467 potes-

187 1475 314 1526 tate
356 1464 638 1537 clavium,
668 1487 787 1526 non
833 1465 1025 1526 solum
1071 1487 1255 1526 novos
1291 1466 1486 1526 cultus
1527 1466 1934 1541 instituerunt,

187 1548 583 1608 reservatione
638 1569 910 1621 casuum,
963 1547 1240 1608 violentis
1300 1549 1938 1610 excommunicationi-

187 1628 716 1691 busoonscientias
738 1641 1151 1703 oneraverunt,
1173 1628 1275 1689 sed
1298 1629 1480 1690 etiam
1511 1652 1695 1711 regna
1723 1631 1935 1692 mundi

184 1710 501 1779 transferre
548 1723 612 1771 et
657 1711 1114 1792 imperatoribus
1162 1710 1424 1771 adimere
1468 1711 1786 1792 imperium
1834 1735 1935 1773 co-

185 1792 312 1865 nati
341 1804 499 1855 sunt.
586 1793 741 1854 Haec
764 1792 905 1854 vitia
936 1793 1130 1853 multo
1159 1805 1297 1854 ante
1325 1815 1387 1852 re
1433 1794 1840 1856 rehenderunt
1870 1795 1932 1855 in

185 1874 436 1953 eeclesia
486 1875 763 1939 homines
802 1875 893 1968 pii
943 1887 1007 1936 et
1053 1875 1287 1936 eruditi.
1375 1815 1590 1956 flaque
1632 1878 1818 1938 nostri
1862 1877 1938 1939 ad

187 1957 579 2020 consolandas
617 1960 1031 2032 conscientias,
1060 1958 1250 2019 coacti
1290 1970 1433 2019 sunt
1470 1959 1783 2020 ostendere
1818 1960 1939 2021 dis-

186 2038 416 2102 erimen
458 2040 872 2102 ecclesiasticae
913 2040 1246 2122 potestatiS,
1274 2052 1336 2101 et
1377 2042 1690 2123 potestatis
1729 2042 1932 2124 gladii,

188 2133 252 2183 et
278 2121 612 2184 docuerunt
639 2134 959 2204 utramque
987 2134 1232 2204 propter
1261 2123 1614 2184 mandatum
1644 2124 1764 2185 Dei
1803 2126 1937 2186 reli-

189 2203 355 2287 giose
396 2204 792 2266 venerandam
838 2216 900 2266 et
942 2206 1168 2264 honore
1207 2205 1580 2267 afficiendam
1626 2229 1774 2282 esse,
1804 2219 1937 2268 tan-

189 2308 372 2368 quam
404 2309 643 2349 summa
670 2287 791 2348 Dei
823 2286 1112 2348 beneficia
1142 2287 1202 2347 in
1232 2288 1421 2348 terris.

272 2368 376 2431 Sic
413 2382 614 2431 autem
661 2370 947 2443 sentiunt,
975 2381 1334 2453 potestatem
1380 2370 1660 2446 clavium,
1689 2394 1793 2433 seu
1830 2394 1939 2455 po-

188 2462 466 2513 testatem
526 2452 967 2535 episcoporum,
999 2452 1196 2532 juxta·
1232 2453 1633 2533 evangelium,
1671 2466 1940 2537 potesta-

188 2545 312 2596 tem
355 2556 485 2596 esse
528 2557 632 2596 seu
677 2534 1029 2596 mandatum
1061 2534 1202 2608 Dei,
1230 2535 1594 2618 praedicandi
1623 2537 1935 2618 evangelii,

189 2616 535 2688 remittendi
564 2630 626 2678 et
653 2617 945 2679 retinendi
975 2628 1242 2700 peccata,
1269 2630 1330 2678 et
1360 2618 1814 2680 administrandi
1847 2643 1938 2680 sa-

190 2711 511 2760 cramenta.
592 2700 756 2761 Nam
798 2722 939 2762 cum
969 2701 1085 2762 hoc
1115 2700 1402 2763 mandato
1430 2701 1708 2763 Christus
1748 2703 1937 2763 mittit

190 2780 530 2863 apostolos:
574 2782 749 2845 Sicut
790 2784 955 2844 misit
995 2805 1091 2845 me
1129 2783 1344 2857 Pater,
1371 2785 1463 2845 ita
1507 2793 1566 2844 et
1610 2807 1719 2866 ego
1761 2785 1934 2845 mitto

188 2884 335 2924 vos.-
380 2863 659 2945 Accipite
687 2866 986 2947 Spiritum
1017 2865 1311 2927 Sanctum
1331 2894 1351 2935 ‚·
1398 2889 1650 2948 quorum
1689 2868 1935 2928 remise-

192 2945 335 3009 ritis
361 2955 636 3026 peccata,
660 2949 1059 3010 remittuntur
1099 2950 1202 3024 eiS,
1231 2957 1290 3009 et
1323 2970 1579 3031 quorum
1613 2949 1937 3011 retinueri-

192 3027 276 3089 tis
294 3037 567 3109 peccata,
599 3038 841 3116 retento
879 3040 1041 3092 sunt.
1099 3032 1292 3092 Marc.
1323 3031 1442 3092 xvi.
1475 3031 1572 3092 Ite
1607 3032 1937 3112 praedicate

196 3109 577 3192 evangelium
604 3114 763 3174 omni
790 3122 1107 3188 creamus,
1134 3126 1249 3174 etc.

280 3192 436 3253 Haec
464 3205 725 3275 potestas
753 3207 988 3256 tantum
1020 3208 1328 3257 exercetur
1355 3195 1627 3257 docendo
1656 3217 1759 3255 seu
1790 3217 1939 3277 prae-

196 3274 453 3336 dicando
481 3276 751 3349 verbum,
771 3288 832 3338 et
859 3278 1216 3360 porrigendo
1246 3290 1634 3350 sacramenta,
1657 3277 1750 3337 vel
1781 3278 1939 3339 mul-

196 3357 275 3419 tis
317 3358 411 3417 vel
454 3357 703 3440 singulis
724 3358 902 3438 juxta
936 3360 1333 3434 vocationem,
1362 3360 1504 3439 quia
1532 3358 1941 3422 conceduntur

195 3461 319 3502 non
364 3462 455 3501 res
497 3441 850 3523 corporales,
877 3440 980 3501 sed
1022 3463 1114 3501 res
1156 3454 1409 3516 aeternae,
1426 3441 1663 3521 justitia
1698 3453 1939 3519 aeterna‚

198 3522 459 3605 Spiritus
508 3526 782 3598 Sanctus,
822 3523 946 3584 vita
998 3535 1236 3586 aeterna.
1321 3523 1477 3585 Hoec
1522 3545 1643 3586 non
1688 3538 1940 3608 possunt

200 3605 548 3688 contingere
574 3605 686 3667 nisi
716 3628 823 3689 per
851 3605 1247 3669 ministerium
1271 3606 1434 3669 verbi
1455 3618 1519 3668 et
1538 3619 1938 3671 sacramento-
2013 3686 2022 3691 ᾖ

1008 3710 1046 3750 L
1075 3701 1112 3750 4
1284 3700 1288 3703 ’

1682 3775 1716 3787 l
