2418 4172
471 370 580 426 264
1102 368 1590 423 CONFESSIO

474 515 592 577 boc
638 524 875 575 tantum
925 511 1151 573 donum
1205 529 1622 594 agnoscamus,
1659 521 1721 572 et
1768 509 1919 593 grati
1971 508 2229 572 retinere

476 596 844 670 studeamus,
881 606 942 655 et
991 594 1228 657 assidue
1275 617 1384 655 nos
1429 594 1491 656 in
1535 593 1718 656 tantis
1760 593 1901 655 vitae
1945 592 2227 676 periculis

466 680 662 762 juvari
715 690 1012 762 petamus.
1098 678 1235 739 Nec
1277 691 1368 739 est
1409 678 1602 740 otiosa
1644 676 1944 748 voluntas,
1978 687 2228 759 accepto

475 763 707 846 Spiritu
739 762 984 824 Sancto,

1029 859 1681 903 —-‘-———

687 977 802 1038 IX.
842 977 1156 1043 Quomodo
1174 976 1423 1059 placeat
1454 998 1608 1038 nova
1643 975 2023 1038 ohedientia.

481 1060 1023 1143 PHARISAEUS
1053 1079 1213 1222 alpud
1236 1080 1468 1142 Lucam
1501 1079 1828 1141 admiratur
1856 1102 2005 1155 sese,
2024 1091 2087 1141 et
2113 1078 2228 1141 sibi

481 1165 695 1246 placet,
727 1162 1052 1223 fascinatus
1126 1184 1195 1223 ac
1223 1164 1627 1244 persuasione,
1655 1162 1818 1243 quod
1849 1162 1966 1256 legi
2000 1162 2234 1225 satisfa-

480 1246 617 1320 ciat,
646 1258 706 1306 et
734 1267 842 1327 pro
891 1256 979 1304 ter
1009 1244 1166 1305 hanc
1186 1244 1671 1325 qualemcunque
1691 1244 2069 1327 disciplinam
2092 1244 2234 1307 Deo

479 1328 732 1411 placeat.
802 1267 981 1387 'Igles
1012 1338 1151 1387 sunt
1183 1326 1356 1387 multi
1390 1326 1453 1386 in
1483 1348 1699 1409 genere
1730 1326 2018 1400 humano,
2039 1326 2232 1391 securi

480 1423 725 1493 propter
753 1409 1240 1490 qualemcunque
1271 1410 1548 1471 umbram
1580 1408 1934 1492 disciplinoe.

566 1492 685 1554 Sed
724 1492 938 1553 horum
980 1492 1379 1575 arrogantiam
1411 1515 1568 1587 saepe
1598 1503 1840 1554 accusat
1868 1513 1985 1553 vox
2012 1490 2236 1566 diviua,

484 1589 552 1637 ut
601 1576 800 1656 inquit
852 1574 1176 1646 Dominus,
1219 1574 1404 1636 Lucae
1441 1576 1569 1637 xiii.
1618 1574 1770 1636 Nisi
1809 1575 2237 1657 poenitentiam

483 1661 752 1741 egeritiS,
780 1679 983 1718 omnes
1022 1657 1309 1719 similiter
1342 1659 1640 1738 peribitis,
1725 1657 1810 1719 Et
1854 1657 2012 1741 apud
2050 1657 2235 1719 Joan.

486 1742 558 1803 Si
600 1742 951 1813 dixerimuS,
981 1741 1144 1823 quod
1172 1749 1493 1822 peccatum
1536 1764 1653 1802 non
1696 1740 2043 1815 habeamus,
2071 1761 2237 1801 men-

485 1825 663 1886 daces
706 1845 931 1884 sumus,
1020 1823 1191 1904 Ideo=
1217 1823 1410 1884 inanis
1461 1835 1552 1884 est
1598 1824 1951 1906 imaginatio
2000 1825 2238 1904 fingen-

483 1908 637 1968 tium
679 1906 1081 1967 obedientiam
1121 1905 1356 1988 placere
1385 1929 1493 1967 sua
1520 1905 1834 1988 dignitate,
1860 1918 1923 1967 et
1949 1928 2078 1967 esse
2108 1926 2237 1967 me-

486 1990 668 2051 ritum
721 1988 1026 2069 condigni,
1071 1999 1138 2048 ut
1183 1990 1533 2070 loquuntur,
1577 2000 1639 2048 et
1676 1988 1979 2069 justitiam
2030 2009 2237 2050 eoram

484 2072 642 2146 De0,
673 2095 806 2153 quae
837 2072 915 2130 sit
945 2071 1227 2131 meritum
1263 2070 1400 2131 vitoe
1430 2082 1688 2132 oeternae.
1773 2071 1990 2132 Postea
2030 2081 2236 2131 tamen

485 2155 736 2229 addunt,
759 2175 994 2235 semper
1015 2153 1416 2215 dubitandum
1441 2176 1570 2215 esse
1601 2176 1676 2214 an
1699 2154 1934 2236 placeat
1952 2152 2240 2215 obedien-

484 2241 605 2298 tia:
649 2237 791 2318 quia
837 2236 1224 2297 manifestum
1268 2251 1377 2316 est,
1407 2238 1469 2298 in
1514 2237 1765 2319 singulis
1808 2236 2068 2297 multum
2114 2257 2241 2299 sor-

483 2320 653 2381 dium
698 2342 847 2395 esse,
882 2320 1075 2381 multa
1117 2330 1363 2402 peccata
1407 2320 1756 2403 ignorantiae
1791 2331 1853 2382 et
1878 2318 2238 2393 omissionis,

486 2403 709 2464 multos
753 2425 952 2463 naevos
995 2424 1118 2462 non
1161 2424 1391 2485 parvm.
1479 2402 1606 2464 Hic
1651 2424 1891 2464 necesse
1936 2413 2030 2463 est
2075 2413 2238 2463 recte

486 2485 703 2546 erudiri
758 2484 1151 2546 conscientias
1201 2484 1277 2545 de
1326 2496 1578 2565 utraque
1627 2507 1709 2558 re,
1754 2484 1831 2545 de
1887 2483 2238 2547 infirmitate

487 2578 708 2641 nostra,
737 2578 798 2627 et
839 2567 915 2627 de
958 2567 1384 2628 consolatione.
1468 2567 1733 2629 Necesse
1774 2578 1866 2629 est
1907 2566 1970 2627 in
2013 2565 2238 2628 renatis

486 2672 614 2711 esse
644 2649 940 2730 justitiam
985 2650 1158 2710 bonae
1199 2650 1603 2724 conscientiae,
1630 2661 1692 2710 et
1720 2650 2065 2712 inchoatam
2093 2650 2239 2711 obe*

486 2732 797 2807 dientiam,
827 2743 894 2793 ut
936 2731 1166 2795 dictum
1211 2744 1340 2803 est;
1385 2744 1445 2794 et
1488 2744 1691 2794 tamen
1736 2734 1796 2793 in
1844 2732 1956 2794 hac
1997 2732 2141 2807 vita,
2173 2731 2236 2794 in

487 2827 690 2876 nostra
735 2826 965 2889 natura,
1007 2815 1068 2876 in
1114 2815 1335 2890 anima,
1378 2827 1439 2877 et
1482 2815 1544 2876 in
1587 2815 1784 2887 corde,
1824 2814 2023 2877 adhue
2063 2813 2239 2877 valde

489 2898 750 2959 multum
793 2908 885 2959 est
924 2897 1211 2972 sordium,
1239 2920 1388 2980 quas
1421 2898 1505 2960 illi
1541 2899 1732 2981 magis
1761 2909 2015 2970 cernunt
2042 2908 2106 2960 et
2131 2896 2239 2960 de-

489 2981 745 3063 plorant,
773 2981 876 3063 qui
916 2980 1053 3064 plus
1092 2980 1242 3043 lucis
1279 2981 1523 3057 habent,
1553 2995 1621 3044 ut
1697 2981 2068 3066 rophetoevet
2093 3002 2241 3064 apo-

489 3063 647 3138 stoli,
677 3076 743 3124 ut
773 3077 914 3124 nota
950 3075 1042 3125 est
1071 3063 1243 3125 Pauli
1274 3064 1549 3145 querelaz
1594 3005 1787 3128 Vineo
1815 3064 2005 3127 aliam
2041 3062 2239 3148 legens

489 3147 553 3208 in
591 3146 874 3208 membris
902 3146 1067 3222 mei-r,
1094 3168 1224 3230 quoe
1251 3157 1558 3231 repugnat
1588 3148 1715 3232 legi
1741 3148 1960 3211 mentis
1986 3168 2148 3223 ηοω,
2177 3154 2239 3213 d

488 3252 582 3291 me
611 3229 914 3311 captivum
974 3230 1097 3292 acit
1126 3228 1254 3324 legi
1269 3232 1531 3312 peccati.
1921 3288 1925 3293 .

573 3312 803 3394 Magna
833 3311 906 3374 ad
958 3334 1033 3375 uc
1062 3312 1123 3374 in
1154 3314 1405 3396 singulis
1434 3314 1547 3375 cali
1594 3337 1632 3375 o
1658 3325 1769 3389 est,
1798 3312 2119 3397 multiplex
2145 3309 2236 3392 ig-

490 3395 780 3468 norantia,
810 3407 870 3458 et
913 3394 1122 3458 multae
1166 3395 1518 3460 tristissimae
1552 3336 1985 3471 {ubitatioueu
2009 3411 2235 3457 em

492 3478 549 3535 in
590 3478 971 3541 conscientiis
1009 3478 1121 3540 orti
1153 3500 1228 3540 ex
1259 3478 1611 3555 diffidentia,
1638 3502 1714 3542 ex
1743 3478 1907 3542 falsis
1932 3493 2235 3559 opinioni·

493 3559 620 3631 bus,
649 3573 710 3620 ct
752 3561 913 3622 inani
958 3583 1101 3644 spe:
1147 3562 1352 3625 multae
1391 3562 1617 3624 vitiosae
1652 3563 1910 3624 flamme
1937 3555 2234 3640 cupidita-

487 3650 640 3710 tum,
671 3642 875 3702 multae
906 3643 1309 3724 neglectiones
1337 3644 1542 3717 officii,
1570 3642 1841 3705 fremitus
1867 3654 1929 3702 et
1957 3637 2235 3722 indigna-
