2418 4172
436 332 508 387 66
1065 329 1545 384 CONFESSIO

432 496 550 557 per
575 474 822 537 verbum
853 473 997 535 Dei.
1082 472 1166 534 Et
1199 472 1360 554 quod
1391 471 1698 534 Dominus
1732 470 1887 532 dixit
1922 469 1983 530 in
2014 489 2193 529 evan·

441 557 619 642 gelio‚
659 557 841 619 Joan.
884 556 1011 619 xiii.
1055 556 1275 630 Amen,
1318 576 1511 630 amen,
1554 555 1685 615 dico
1724 553 1909 628 vobis,
1950 552 2057 636 qui
2098 571 2195 611 re·

442 640 592 723 cipit
619 661 1030 737 quemcunque
1056 640 1292 714 misero,
1319 660 1415 701 me
1443 639 1690 736 recepit,-
1729 637 1836 720 qui
1868 643 2073 696 autem
2099 653 2196 694 me

443 724 683 806 recipit,
734 723 951 805 recipit
1010 745 1144 784 eum
1195 723 1302 806 qui
1349 744 1444 782 me
1498 722 1681 782 mavit.
1771 718 1851 779 Et
1901 715 2063 798 quod
2106 714 2197 775 vir

446 805 708 869 Macedo
758 828 865 889 per
906 805 1196 866 visionem
1244 805 1431 865 Paulo
1476 804 1535 864 in
1575 803 1720 864 Asia
1764 800 1964 884 agenti
2009 818 2197 882 appa·

445 912 600 962 rens,
649 889 999 950 submonuit
1052 899 1113 948 et
1168 886 1341 961 dixit,
1383 887 1521 947 Act.
1572 887 1692 946 xvi.
1745 880 2076 966 Profectus
2129 879 2198 941 in

445 971 895 1044 Macedoniam,
949 991 1238 1031 succurre
1295 969 1482 1029 nobis:
1578 968 1741 1029 Alibi
1805 966 1968 1027 enim
2035 962 2194 1024 idem

444 1054 773 1137 Apostolus
796 1052 968 1128 dixit,
999 1065 1021 1113 l
1048 1052 1187 1113 Cor.
1219 1051 1299 1112 iii.
1323 1050 1452 1111 Dei
1470 1072 1680 1111 sumus
1697 1047 2049 1131 cooperarii,
2070 1044 2201 1107 Dea·

447 1135 808 1220 agricolatio
859 1143 918 1196 et
966 1132 1286 1217 adficmio
1343 1134 1503 1194 estis.
1591 1132 1821 1193 Rursus
1877 1143 2079 1192 tamen
2137 1139 2201 1188 et

448 1219 566 1280 boc
588 1217 919 1279 cavendum
948 1228 1058 1289 est,
1089 1238 1165 1275 ne
1188 1214 1475 1276 ministris
1496 1226 1559 1274 et
1587 1213 1921 1275 ministerio
1940 1211 2199 1273 nimium

445 1301 803 1372 tribuamus,
848 1320 1141 1359 memores
1185 1297 1367 1357 etiam
1413 1296 1513 1357 hic
1554 1297 1872 1356 verborum
1923 1293 2201 1367 Domini,

446 1382 701 1444 dicentis
746 1382 807 1442 in
845 1380 1176 1462 evangelio,
1203 1379 1385 1440 Joan.
1414 1378 1493 1439 vi.
1530 1376 1728 1438 Nemo
1762 1377 1931 1439 venit
1966 1375 2052 1437 ad
2087 1388 2204 1451 me,

446 1466 567 1527 nisi
592 1465 794 1526 Pater
821 1485 991 1525 meus
1029 1462 1293 1524 traverit
1336 1483 1488 1523 eum.
1574 1460 1659 1522 Et
1687 1461 2004 1521 verborum
2034 1459 2092 1520 A

451 1547 608 1622 stoli,
656 1546 814 1612 Quis
853 1546 1051 1630 igitur
1089 1554 1180 1606 est
1218 1544 1477 1619 Paulus,
1517 1545 1653 1641 quis·
1691 1552 1892 1604 autem
1930 1541 2071 1624 Apo
2189 1587 2207 1615 ,

449 1630 573 1691 nisi
609 1630 877 1690 ministri
896 1650 1015 1709 per
1041 1650 1188 1710 quos
1226 1627 1590 1701 credidistis,
1620 1635 1680 1687 et
1718 1635 1789 1687 ut
1828 1625 2046 1708 cuique
2072 1624 2207 1686 Do-

449 1712 652 1774 minus·
662 1712 873 1772 dedit?
893 1710 1033 1793 Ego
1044 1710 1343 1791 plantavi,
1357 1709 1608 1792 Apollos
1623 1709 1886 1792 rigavit.-
1909 1706 2208 1769 sedDeus

454 1795 621 1856 dedit
649 1796 1102 1856 incrementum.
1171 1794 1391 1876 Itaque
1418 1816 1532 1854 non
1562 1794 1667 1875 qui
1684 1791 1940 1874 plantat
1973 1797 2066 1851 est
2093 1787 2210 1851 ali-

536 1878 615 1953 id,
658 1899 852 1960 neque
907 1877 1015 1959 qui
1064 1877 1253 1960 rigat,
1299 1876 1410 1937 sed
1454 1876 1563 1959 qui
1611 1875 1718 1936 dat
1768 1876 2207 1936 incrementum

451 1900 651 2032 gens,
698 1972 721 2021 1
769 1959 907 2020 Cor.
946 1960 1028 2019 iii.
1067 1958 1403 2019 Credamus
1447 1981 1589 2040 ergo
1623 1958 1830 2019 Deum
1872 1957 2056 2017 verbo
2098 1976 2208 2016 suo

452 2065 563 2104 nos
586 2042 799 2103 docere
828 2042 970 2103 foris
989 2063 1096 2123 per
1126 2040 1431 2101 ministros
1451 2062 1610 2115 suos,
1634 2041 1795 2101 intus
1818 2050 2022 2101 autem
2042 2058 2210 2100 oom-

455 2146 696 2187 movere
725 2125 1051 2185 electorum
1078 2145 1320 2183 suorum
1354 2123 1535 2183 corda
1565 2122 1639 2183 ad
1671 2121 1856 2183 fidem
1885 2142 1995 2204 per
2021 2117 2211 2204 Spiri-

453 2219 585 2269 tum
612 2208 930 2268 Sanctum:
972 2205 1228 2286 ideoque
1251 2226 1494 2266 omnem
1528 2205 1779 2287 gloriam
1812 2204 1999 2266 totius
2029 2201 2209 2285 hujus

453 2290 733 2351 beneficii
767 2288 1138 2350 referendam
1175 2311 1304 2348 esse
1340 2288 1413 2349 ad
1449 2288 1675 2350 Deum.
1762 2286 1883 2349 Sed
1922 2309 1993 2348 ea
2030 2285 2109 2348 de
2145 2307 2210 2347 re

454 2372 686 2434 dictum
717 2385 808 2433 est
836 2383 899 2432 et
926 2384 978 2431 1.
1009 2393 1140 2454 cap.
1174 2370 1353 2451 hujus
1383 2370 1792 2454 expositionis.

541 2455 624 2516 Et
653 2454 901 2536 quidem
942 2455 1019 2514 ab
1051 2453 1223 2514 initio
1256 2454 1464 2515 mundi
1505 2477 1648 2516 usus
1689 2467 1780 2515 est
1808 2452 1983 2515 Deus
2013 2449 2212 2513 omni·

457 2560 562 2601 um
605 2536 1114 2619 praestantissimis
1154 2537 1215 2596 in
1259 2537 1487 2598 mundo
1520 2537 1925 2620 (simplicibus
1961 2532 2206 2630 quidem

456 2620 728 2704 pluribus
769 2620 830 2680 in
872 2618 1175 2679 mundana
1214 2620 1503 2702 sapientia
1531 2620 1623 2681 vel
1665 2617 2068 2714 philosophia,
2106 2615 2211 2679 sed

456 2701 976 2765 excellentissimis
1025 2702 1083 2762 in
1135 2724 1272 2763 vera
1322 2703 1651 2786 theologia)
1699 2701 2067 2774 bominibus,
2108 2721 2214 2783 pa-

458 2784 731 2847 triarchis
769 2784 1068 2857 videlicet,
1107 2806 1245 2845 cum
1288 2786 1507 2866 quibus
1548 2809 1671 2847 non
1711 2778 1842 2847 raro
1881 2783 2212 2846 collocutus

458 2879 551 2931 est
594 2890 700 2951 per
728 2867 988 2950 angelos.
1077 2866 1347 2929 Fuerunt
1383 2868 1547 2928 enim
1593 2868 1948 2951 patriarcbae
1991 2865 2083 2927 sui
2122 2886 2215 2926 se-

460 2951 580 3013 culi
612 2950 923 3034 prophetoe
962 2949 1084 3011 sive
1114 2948 1404 3026 doctores,
1434 2973 1583 3032 quos
1613 2951 1784 3011 Deus
1825 2950 1941 3011 boc
1968 2947 2214 3009 nomine

462 3034 692 3115 aliquot
721 3032 914 3095 voluit
953 3032 1154 3094 secula
1191 3032 1406 3104 vivere,
1446 3048 1512 3094 ut
1553 3047 1752 3095 essent
1790 3031 1976 3094 veluti
2015 3043 2214 3114 patres

460 3128 521 3179 et
551 3115 783 3178 lumina
810 3115 991 3176 orbis.
1078 3115 1333 3177 Secutus
1362 3128 1453 3177 est
1485 3116 1617 3176 illos
1648 3116 1855 3177 Moses
1895 3135 2034 3176 cum
2120 3134 2216 3174 ro·

461 3199 662 3284 phetis
693 3220 800 3282 per
829 3197 1169 3260 universum
1204 3198 1497 3260 mundum
1539 3198 1959 3260 celeberrimis.
2111 3193 2212 3257 uid

463 3281 624 3364 quod
670 3292 807 3364 post
857 3280 968 3342 hos
1020 3281 1182 3342 misit
1227 3281 1403 3343 Pater
1449 3282 1713 3343 coelestis
1759 3280 1981 3342 Filium
2033 3297 2210 3340 suum

463 3365 863 3446 unigenitum,
913 3363 1246 3426 Doctorem
1301 3364 1507 3427 mundi
1569 3362 2102 3435 absolutissimum,
2150 3357 2212 3419 in

464 3467 586 3539 quo
608 3458 696 3507 est
725 3446 1075 3509 abscondita
1104 3446 1305 3508 divina
1336 3447 1435 3509 illa
1465 3447 1776 3531 sapientia,
1801 3444 1954 3507 etin
1980 3463 2093 3503 nos
2110 3439 2213 3502 de·

465 3539 671 3597 nirata,
694 3550 800 3610 per
828 3530 1287 3593 sacratissimam
1321 3530 1970 3614 simplicissimamqug
1993 3535 2056 3586 et
2082 3545 2216 3586 om-

457 3609 634 3673 nium
681 3611 1172 3691 perfectissimam
1210 3612 1561 3673 doctrinam.
1647 3608 1871 3691 Allegit
1907 3607 2070 3670 enim
2103 3605 2213 3668 -ille
