2418 4172
494 359 601 420 ωδ
1118 360 1607 417 CONFESSIO

497 502 665 565 exitii
708 523 942 586 magnoe
986 502 1359 565 multitudini
1402 502 1741 579 hominum,
1766 514 1831 564 et
1868 505 1950 566 ob
1984 503 2239 568 eandem

498 608 738 648 causam
769 598 906 647 vota
936 586 1266 648 monastica
1294 585 1613 648 coelibatus
1641 585 2070 669 improbamus.
2138 586 2242 649 De

499 670 725 731 caeteris
769 669 958 729 causis
1001 691 1140 730 vero
1184 669 1334 730 infra
1377 670 1732 749 loquemur:
1777 680 2052 763 puguant
2076 669 2242 732 enim

502 753 619 813 illae
668 751 991 835 pontificiae
1040 753 1200 833 leges
1246 764 1308 813 ct
1351 763 1492 812 vota
1540 773 1680 813 curn
1730 750 1937 813 divino
1983 749 2242 814 decreto.

500 834 680 896 Dixit
712 834 1039 909 Dominus,
1067 835 1212 897 Non
1245 843 1334 898 est
1370 835 1585 896 bonum
1612 834 1840 895 homini
1866 854 1993 896 esse
2015 833 2243 896 solum:

503 917 676 992 dixit,
703 916 765 978 id
804 928 912 992 est,
941 938 1047 978 sua
1085 918 1461 979 inenarrabili
1504 939 1568 978 sa
1613 917 1797 978 ientia
1831 916 2113 990 decrevit,
2140 937 2249 999 ge·

503 1021 616 1061 nus
668 1000 1003 1060 humanum
1050 1001 1166 1061 boc
1209 1000 1393 1061 modo
1432 939 1689 1061 00an
1732 1011 1801 1061 ut
1840 1021 1918 1061 ex
1961 999 2248 1061 societate

506 1081 685 1143 maris
724 1093 787 1141 et
829 1081 1096 1142 foeminoe
1137 1093 1531 1164 propagetur:
1576 1094 1638 1143 et
1675 1081 1827 1143 duos
1864 1080 2151 1155 condidit,
2176 1091 2249 1142 ut

505 1175 663 1225 esset
696 1162 1002 1223 Ecclesia:
1046 1174 1109 1224 et
1150 1164 1347 1224 sanxit
1390 1164 1497 1224 bas
1539 1174 1751 1238 metas,
1778 1186 1856 1225 ne
1894 1173 2250 1247 vagarentur

505 1245 802 1307 libidines.
887 1243 1038 1305 Vult
1074 1245 1258 1319 enim,
1285 1245 1659 1307 intellectum
1697 1246 1985 1307 castitatis
2017 1266 2148 1308 ene
2181 1245 2248 1307 in

505 1349 722 1408 genere
766 1327 1052 1387 humano.
1140 1327 1295 1389 Haec
1345 1348 1484 1388 cum
1533 1327 1754 1388 dixerit
1799 1349 1872 1389 ac
1922 1326 2251 1390 deoeeverit

503 1410 693 1484 DeuS‚
720 1408 933 1471 dieunt
972 1410 1338 1472 contrarium
1374 1410 1684 1486 Tatianus‚
1710 1431 1886 1493 papa,
1923 1409 2248 1472 monachi:

506 1493 631 1573 qui,
680 1514 820 1554 cum
878 1492 1204 1575 prohibent
1258 1492 1629 1575 conjugium,
1682 1514 1925 1554 causam
1979 1493 2252 1576 praebent

504 1575 711 1637 multis
755 1575 1123 1651 hominibus,
1151 1575 1268 1636 alio
1314 1576 1375 1636 ui
1419 1574 1495 1636 ad
1537 1576 1820 1637 virtutem
1863 1574 2114 1651 idoneis,
2142 1596 2250 1637 cu-

506 1657 774 1719 mulandi
819 1658 1011 1719 multa
1049 1658 1263 1719 horren
1310 1681 1345 1718 a
1379 1670 1643 1741 peccata,
1671 1671 1916 1742 propter
1950 1679 2087 1741 quoe
2115 1658 2251 1741 plu·

504 1740 639 1801 rimi
681 1740 741 1800 in
781 1750 1071 1801 aeternum
1109 1742 1365 1801 exitium
1396 1753 1596 1814 ruunt,
1625 1753 1684 1801 et
1709 1743 1794 1801 rra
1821 1741 1942 1802 Dei
1968 1739 2248 1801 adversus

499 1835 696 1884 toturn
745 1844 933 1904 genus
978 1823 1312 1884 humanum
1357 1824 1548 1917 magis
1592 1823 1868 1884 irritatur.
1953 1821 2087 1884 Lex
2132 1822 2247 1883 hu-

505 1926 683 1966 mana
704 1926 979 1987 pugnans
1000 1927 1139 1967 curn
1162 1898 1402 1967 decreto
1426 1905 1651 1980 divino,
1669 1917 1731 1967 et
1759 1905 1892 1988 ipso
1919 1904 2038 1966 Dei
2068 1926 2249 1988 opere

504 1988 566 2047 in
618 1988 917 2048 creatione
973 1987 1251 2048 instituto
1298 1998 1360 2047 et
1402 1987 1686 2057 condito;
1737 1986 1957 2048 deinde
1999 1998 2064 2048 et
2105 2008 2247 2049 cum

506 2071 820 2154 proeceptis
842 2069 1096 2140 divinis3
1141 2081 1203 2130 et
1230 2091 1366 2150 quoe
1393 2069 1527 2130 fons
1555 2081 1647 2130 est
1675 2089 2035 2152 magnorum
2063 2069 2252 2131 scele-

506 2174 664 2226 rum‚
694 2164 937 2235 propter
963 2173 1099 2233 quae
1126 2163 1187 2213 et
1215 2152 1392 2212 multi
1422 2164 1693 2235 pereunt,
1713 2164 1774 2213 et
1804 2152 1890 2213 ira
1908 2151 2031 2214 Dei
2057 2151 2252 2247 magis

507 2235 887 2305 accenditur;
933 2234 1057 2294 imo
1085 2256 1267 2315 quam
1306 2235 1499 2318 legem
1531 2235 1788 2318 Spiritus
1817 2234 2075 2297 Sanctus
2109 2233 2251 2296 oriri

509 2341 543 2378 a
598 2317 863 2379 Diabolo
920 2317 1218 2392 adfirmat,
1275 2340 1657 2399 nequaquam
1714 2317 2003 2380 Ecclesioe
2057 2317 2254 2401 impo-

506 2400 704 2462 nenda
746 2412 855 2474 est,
884 2400 987 2461 sed
1029 2401 1305 2461 omniurn
1347 2402 1582 2482 piorum
1622 2422 1915 2462 consensu
1959 2399 2254 2462 abolenda

506 2494 616 2543 est.
699 2483 847 2543 Non
876 2505 1006 2543 raro
1034 2494 1235 2543 autem
1269 2483 1363 2544 his
1392 2495 1476 2545 30
1503 2483 1674 2543 annis
1703 2482 1939 2558 accidit,
1964 2494 2035 2545 ut
2062 2503 2253 2544 saeer-

506 2564 696 2639 dotes‚
731 2587 988 2645 quorum
1032 2587 1228 2626 mores
1271 2566 1557 2648 inculpati
1601 2566 1861 2639 fuerunt,
1888 2576 1950 2627 et
1992 2564 2252 2639 honesti,

552 2648 807 2730 roecipue
862 2660 1107 2730 propter
1160 2647 1530 2742 conjugium,
1578 2648 1872 2709 interfecti
1930 2647 2071 2710 sint.
2154 2647 2253 2709 lta

574 2730 804 2792 iabolus
847 2751 1015 2791 suam
1062 2731 1259 2813 legem
1293 2743 1472 2791 etiam
1506 2729 1832 2813 parricidiis
1861 2730 2126 2792 stabilire
2150 2751 2255 2792 oo-
2366 2803 2367 2806 Ἴ

507 2824 719 2882 natur;
765 2824 825 2874 et
856 2813 1037 2874 habet
1065 2836 1306 2895 organa,
1334 2813 1647 2896 scriptores
1676 2812 2255 2897 impudentissimos,

506 2894 783 2967 Eeciurn,
835 2895 1118 2968 Fabrum,
1168 2896 1451 2978 Pygium,
1501 2897 1604 2978 qui
1662 2917 1941 2980 expresse
1994 2896 2251 2980 scripsit,

510 2979 711 3040 minus
753 2998 999 3062 peccare
1043 2979 1408 3040 sacerdotem
1450 2980 1497 3040 si
1540 2980 1617 3041 sit
1659 2980 1960 3054 moechus,
1986 2999 2169 3076 quam
2198 2978 2251 3040 si
2346 2995 2347 2998 ’

508 3061 690 3124 ducat
719 3082 986 3124 uxorem.
1070 3062 1241 3123 Talia
1270 3062 1446 3123 scribi
1475 3074 1537 3123 et
1562 3062 1679 3125 dici
1711 3064 1787 3124 ab
1815 3062 1888 3125 iis
1960 3084 2021 3125 ui
2056 3061 2253 3125 nomi-

510 3145 637 3206 nari
682 3144 1011 3206 Christiani
1057 3145 1286 3220 volunt,
1324 3145 1638 3228 indignum
1691 3157 1801 3208 est.
1943 3144 2111 3208 ident
2157 3165 2252 3208 sa·

555 3229 761 3302 ientes,
789 3227 850 3288 in
883 3227 998 3289 hac
1027 3227 1235 3290 mundi
1266 3240 1506 3290 senecta
1533 3240 1594 3289 et
1622 3240 1914 3303 naturam*
1934 3228 2248 3292 hominum

510 3250 943 3393 languidiorem
988 3332 1134 3385 esse,
1176 3322 1236 3372 et
1286 3311 1574 3394 paulatim
1623 3311 1876 3391 majores
1919 3309 2247 3395 disciplina

513 3392 843 3454 laxationes
883 3404 943 3454 et
978 3394 1357 3456 confusiones
1395 3394 1542 3469 fieri,
1569 3406 1631 3456 et
1658 3415 1896 3489 semper
1922 3404 2061 3456 anoe
2082 3389 2246 3453 exci-

512 3473 610 3535 dia
655 3476 892 3537 urbium
937 3489 996 3537 ct
1041 3477 1238 3539 ruinas
1284 3499 1599 3559 regnorum
1630 3499 1905 3561 proxime
1929 3471 2245 3538 sumit

513 3556 751 3618 licentia
781 3558 844 3619 in
875 3558 990 3620 hoc
1017 3580 1252 3641 genere.
1325 3559 1471 3622 Ideo
1499 3562 1921 3643 gubernatores
1945 3554 2244 3620 debebant

513 3659 640 3698 esse
668 3640 1086 3720 vigilantiores,
1114 3654 1175 3703 et
1203 3642 1519 3705 severiores
1562 3642 1622 3702 in
1658 3637 1880 3702 tuenda
1912 3635 2246 3720 disciplina,
