2418 4172
452 345 561 397 352
1097 344 1577 400 CONFESSIO

455 488 828 549 consolatur:
873 485 1176 568 sanguinis
1215 486 1359 547 item
1400 487 1491 547 sui
1531 499 1681 570 potu
1714 507 1847 548 eam
1889 499 2202 563 sustentat,

454 592 526 631 ac
555 582 793 631 recreat.
866 570 1171 641 Praeterca,
1199 569 1477 650 quamvis
1507 582 1879 630 sacramenta
1912 570 2032 631 sint
2058 593 2199 631 con·

444 653 659 734 juncta
687 652 766 712 rei
806 652 917 734 ipsi
949 651 1315 731 significatae,
1345 652 1537 712 ambae
1567 663 1772 711 tamen
1802 673 1892 711 res
1923 652 2051 714 istoe
2077 675 2201 713 non

455 735 533 796 ab
574 736 856 795 omnibus
897 734 1280 817 recipiuntur.
1368 733 1572 794 Malus
1612 734 1775 794 enim
1818 734 2028 815 recipit
2065 734 2204 814 qui-

454 817 595 879 dem
653 829 1093 878 sacramentum
1151 816 1213 876 in
1274 838 1445 876 suam
1505 816 2094 889 condemnationem,
2137 828 2201 876 at

454 922 604 974 rem,
638 922 742 960 seu
780 900 1090 960 veritatem
1137 898 1492 959 sacramenti
1538 920 1656 958 non
1703 899 1931 980 recipit.
2018 897 2202 959 Verbi

455 985 664 1065 gratia,
705 981 897 1043 Judas
938 993 999 1043 et
1041 980 1254 1040 Simon
1292 981 1517 1063 Magus
1559 994 1912 1074 receperunt
1954 979 2200 1062 quidem

455 1066 638 1126 ambo
680 1075 1142 1137 sacramentum,
1169 1062 1480 1123 Christum
1511 1084 1652 1123 vero
1696 1084 1915 1145 ipsum,
1948 1062 2054 1145 qui
2093 1062 2204 1124 illo

455 1147 922 1229 significabatur,
954 1143 1222 1204 minime.
1307 1145 1463 1204 Solis
1490 1144 1652 1204 enim
1688 1144 1963 1206 fidelibus
1991 1145 2203 1206 Chris·

453 1242 552 1291 tus
583 1227 1080 1289 communicatur.
1166 1226 1479 1286 Postremo
1518 1226 1660 1287 huic
1694 1249 1804 1287 nos
1832 1239 2206 1289 sacramento

456 1323 830 1372 sacrosancto
868 1309 929 1368 in
971 1319 1137 1369 coetu
1172 1308 1380 1390 populi
1410 1307 1532 1368 Dei
1562 1330 1701 1369 cum
1734 1330 1975 1370 summa
2003 1309 2206 1371 humi-

456 1394 723 1466 litatc,et
746 1391 1072 1452 reverentia
1093 1390 1634 1464 communicamus,
1664 1391 2016 1452 memoriam
2049 1412 2208 1453 mor-

457 1478 532 1537 tis
563 1474 787 1535 Christi
820 1473 1146 1534 Servatoris
1189 1473 1375 1534 nostri
1421 1495 1560 1533 cum
1605 1474 1927 1554 gratiarum
1968 1474 2207 1535 actione

458 1571 662 1620 sancte
691 1557 1091 1619 celebrantes:
1121 1568 1181 1617 et
1211 1555 1370 1629 fidei,
1399 1556 1824 1638 religionisque
1845 1555 2206 1618 Christianae

457 1641 893 1703 confessionem
924 1639 1165 1723 publice
1204 1639 1285 1699 ibi
1317 1640 1685 1721 profitentes.
1770 1639 1975 1701 Nemo
2002 1638 2207 1720 itaque

459 1723 536 1786 ad
579 1724 736 1784 hanc
780 1744 1053 1783 mensam
1093 1744 1220 1782 sese
1262 1722 1466 1782 sistere
1503 1721 1703 1795 debet,
1734 1722 1840 1803 qui
1881 1721 2046 1804 prius
2084 1743 2206 1782 non

459 1830 523 1868 se
552 1805 909 1890 probaverit,
936 1827 1012 1864 ne
1053 1803 1128 1864 de
1170 1804 1286 1865 hoc
1328 1825 1481 1886 pane
1520 1803 1726 1877 edens,
1754 1816 1816 1864 et
1844 1804 1920 1865 de
1951 1803 2068 1864 boe
2097 1826 2205 1887 po·

460 1889 598 1951 culo
650 1889 879 1962 bibens,
917 1886 1218 1967 judicium
1271 1886 1400 1968 ipse
1456 1886 1590 1960 sibi,
1637 1899 1698 1947 et
1752 1886 2205 1948 damnationem

463 1971 807 2044 manducet,
849 1992 918 2031 ac
962 1970 1147 2030 bibat.
1235 1968 1371 2029 Usu
1413 1990 1588 2050 porro
1633 1969 1812 2048 hujus
1854 1969 2207 2031 sacramenti

463 2054 809 2116 accenditur
855 2052 916 2112 in
967 2052 1140 2112 nobis
1188 2050 1680 2133 flagrantissimus
1733 2072 1919 2125 amor,
1966 2061 2101 2112 tum
2145 2050 2207 2112 iu

462 2138 669 2198 Deum
712 2137 934 2219 ipsum,
962 2146 1095 2195 tum
1142 2133 1203 2195 in
1248 2134 1612 2217 proximum.
1698 2133 1913 2215 Itaque
1956 2155 2065 2195 nos
2108 2133 2211 2195 hic

507 2220 706 2281 uidem
762 2218 975 2279 merito
1023 2239 1233 2278 omnes
1284 2216 1600 2278 hominum
1653 2215 2110 2287 ludificationes,
2149 2228 2212 2278 et

462 2243 806 2364 damnanda
835 2311 1179 2363 commenta
1212 2301 1373 2381 (quoe
1419 2299 1503 2360 illi
1547 2298 1934 2361 sacramentis
1968 2297 2210 2360 addide-

464 2397 623 2460 runt,
666 2397 727 2446 et
771 2384 1240 2462 admiscuerunt)
1278 2395 1565 2464 tanquam
1605 2404 1802 2443 veram
1851 2381 2212 2465 profanatio·

465 2491 605 2529 nem
667 2467 1004 2547 rejicimus:
1049 2465 1534 2546 affirmamusque
1584 2486 1794 2526 omnes
1844 2465 1977 2547 pios
2030 2464 2211 2526 unico

467 2551 571 2611 illo
599 2550 826 2623 ordine,
854 2561 915 2610 et
952 2549 1088 2623 ritu,
1118 2570 1299 2628 quem
1330 2547 1608 2608 Christus
1647 2558 1708 2608 et
1747 2547 2001 2630 apostoli
2040 2546 2213 2607 nobis

466 2632 855 2705 tradiderunt,
892 2643 1208 2692 contentos
1251 2653 1396 2704 esse,
1434 2641 1615 2711 atque
1653 2630 1729 2690 de
1771 2628 2071 2724 mysteriis
2112 2651 2213 2691 eo·

468 2715 606 2777 dem
641 2714 821 2776 modo
852 2715 867 2774 Ι
951 2713 1011 2774 ui
1043 2713 1278 2785 debere,
1307 2735 1429 2794 quo
1457 2726 1518 2773 et
1547 2712 1634 2774 illi
1666 2713 1848 2773 locuti
1880 2723 2038 2774 sunt.

551 2797 859 2860 XXXVI.
960 2796 1222 2857 redimus
1265 2795 1470 2857 Deum
1502 2795 1651 2877 Opt.
1681 2794 1942 2856 Maxim.
1986 2795 2067 2855 ob
2109 2816 2216 2877 ge-

469 2882 625 2943 neris
667 2880 915 2942 humani
947 2880 1342 2962 corruptelam
1386 2890 1563 2960 atque
1590 2877 2099 2973 depravationem,
2128 2899 2215 2938 re-

472 2988 594 3046 ges,
626 2964 941 3047 principes,
970 2976 1029 3023 et
1069 2963 1449 3044 magistratus
1488 2961 1901 3022 constituisse:
1945 2960 2216 3042 velleque

472 3060 539 3109 ut
573 3045 831 3108 mundus
878 3046 976 3107 bic
1014 3045 1245 3127 legibus
1285 3067 1354 3105 ac
1392 3057 1551 3105 certa
1593 3044 1799 3127 politia
1830 3044 2216 3123 gubernetur,

472 3130 546 3191 ad
585 3128 911 3191 coercenda
952 3129 1269 3189 hominum
1301 3127 1463 3201 vitia,
1493 3140 1553 3187 et
1593 3139 1661 3187 ut
1694 3129 1899 3187 omnia
1928 3126 2083 3187 inter
2112 3125 2219 3187 bo-

475 3213 665 3275 mines
709 3225 872 3273 recto
914 3210 1121 3273 ordine
1165 3222 1463 3293 gerantur.
1550 3209 1785 3271 Idcirco
1837 3207 2216 3290 magistratus

474 3296 633 3379 ipsos
665 3294 865 3377 gladio
894 3294 1166 3366 armavit,
1198 3306 1261 3354 ut
1294 3292 1481 3354 malos
1509 3292 1752 3375 quidem
1797 3292 2061 3375 plectant
2088 3311 2218 3374 poe·

474 3379 588 3450 nis,
626 3379 845 3462 probos
885 3399 1023 3438 vero
1071 3388 1366 3438 tueantur.
1456 3375 1693 3437 Horum
1740 3396 1917 3458 porro
1960 3385 2052 3434 est
2094 3391 2214 3432 non

476 3461 657 3522 modo
706 3460 780 3521 de
832 3460 990 3522 civili
1040 3459 1246 3542 politia
1295 3457 1697 3520 conservanda
1742 3479 1874 3518 esse
1913 3452 2218 3524 sollicitos,

475 3543 863 3604 verumetiam
922 3542 1063 3604 dare
1104 3563 1346 3625 operam
1402 3554 1467 3603 ut
1524 3562 1757 3602 sacrum
1818 3535 2214 3600 ministerium

476 3638 874 3698 conservetur,
923 3625 1121 3686 onmis
1181 3624 1512 3685 idololatria
1569 3638 1632 3683 ct
1681 3617 2048 3682 adulterinus
2097 3616 2216 3680 Dei
