2418 4172
826 260 1363 318 HELVETICA.
1871 263 1945 318 37

194 408 358 476 Nm
389 407 576 472 Isaias
601 405 780 478 dixit,
807 426 940 487 cap.
971 404 1076 465 liii.
1113 402 1587 467 Gener-ationem
1629 402 1761 483 ᾔτεε
1802 406 1940 485 quis

193 491 567 561 narrabit?
606 499 669 551 et
698 488 999 562 Micheas,
1025 508 1097 548 ca
1145 534 1157 546 .
1197 506 1252 547 v.
1282 484 1372 547 Et
1406 506 1440 546 e
1523 504 1690 545 essus
1732 484 1862 566 ejus
1898 509 1939 547 a

192 572 404 643 diebus
417 572 794 637 atet-nitati&
822 571 984 632 Nam
1009 580 1072 631 et
1131 589 1356 631 oannes
1373 567 1434 628 in
1514 567 1791 648 vangelio
1810 567 1942 628 dix-

189 652 272 726 ita
316 656 396 720 In
414 656 724 739 pum-ipio.
749 663 886 716 erat
911 652 1199 727 Verbum,
1219 660 1280 713 et
1315 650 1582 712 Verbum
1613 658 1749 711 erat
1776 651 1944 731 apud

193 737 421 815 Dema,
443 748 504 803 et
524 738 703 803 Deus
730 746 868 799 erat
894 736 1180 809 Verbum,
1209 737 1318 796 διο.
1363 731 1621 794 Proinde
1643 732 1830 794 Filius
1853 745 1944 795 est

0 814 26 897 J
134 886 138 891 ,
193 821 352 884 Patri
372 822 551 903 juxta
571 821 945 883 divinitatem
970 818 1289 899 coaequalis
1311 828 1373 878 et
1402 816 1946 891 consubstantialis,

191 903 366 969 Deus
407 926 602 979 verus,
637 926 756 965 non
802 902 1272 985 nuncupatione,
1316 911 1419 961 aut
1462 899 1804 982 adoptione,
1842 912 1946 960 aut

194 986 317 1051 ulla
356 987 726 1071 dignatione,
767 985 870 1047 sed
915 984 1249 1047 substantia
1291 995 1473 1064 atque
1515 995 1746 1057 natura,
1789 982 1946 1045 sicut

190 1069 374 1138 δοίη.
402 1071 709 1155 apostolus
753 1070 971 1132 iterum
1011 1068 1186 1141 dixit,
1216 1087 1238 1128 1
1266 1068 1446 1129 Joan.
1477 1087 1533 1126 v.
1565 1066 1694 1127 Hic
1735 1074 1824 1127 est
1850 1087 1950 1128 ve-

191 1174 303 1219 rus
327 1153 524 1230 Deus,
552 1163 612 1217 et
637 1155 768 1217 vita
794 1162 1038 1215 ‹etet-na.
1079 1151 1166 1212 Et
1195 1151 1414 1212 Paulus
1444 1171 1688 1231 quoque
1710 1148 1876 1211 Heb.
1906 1149 1945 1210 i.

195 1235 444 1313 fllium,
472 1239 576 1311 ait,
615 1237 928 1300 constituit
965 1235 1258 1297 lim-edem
1294 1234 1580 1307 omnium,
1613 1254 1731 1313 per
1768 1254 1947 1315 quem

197 1328 259 1384 d
281 1319 666 1406 &calefecit
685 1346 706 1382 .-
752 1320 913 1382 idem
942 1326 1033 1380 est
1059 1316 1342 1399 splendor
1364 1315 1580 1399 gloriae
1609 1324 1668 1377 et
1697 1315 1950 1377 charac-

195 1410 297 1468 eer-
345 1404 700 1469 amantia
750 1402 902 1486 q'us,
945 1409 1203 1483 portans
1255 1401 1458 1462 omnia
1512 1399 1692 1460 verbo
1820 1407 1952 1461 ten-
1992 1465 1997 1469 ⁵

195 1486 297 1551 fio
340 1507 482 1549 σιω.
565 1486 732 1548 Nam
788 1486 848 1545 in
891 1483 1228 1564 Evangelio
1271 1482 1399 1564 ipse
1448 1503 1691 1562 quoque
1801 1482 1955 1543 omi-

194 1589 310 1632 nus
345 1567 532 1634 dixit:
575 1567 791 1640 Pater,
814 1564 1105 1650 glor-{fica
1142 1574 1213 1626 tu
1250 1585 1347 1625 me
1378 1564 1547 1644 apud
1571 1564 1952 1644 temetipsum

187 1649 403 1736 gloria
454 1672 638 1734 quam
687 1650 875 1711 habui
922 1649 1287 1730 priusquam
1335 1646 1434 1707 hic
1480 1646 1743 1707 mundus
1800 1655 1954 1708 esset

194 1733 364 1818 opud
406 1742 487 1808 te,
527 1733 711 1796 Joan.
754 1733 898 1793 xvii.
970 1730 1147 1792 'Nam
1206 1740 1269 1791 et
1317 1728 1462 1790 alibi
1513 1730 1573 1790 in
1619 1728 1955 1811 Evangelio

193 1816 491 1888 scribitur,
537 1816 747 1880 Judoei
792 1815 1142 1914 quaerebant
1186 1813 1460 1875 occidere
1506 1812 1745 1887 Jesum,
1796 1813 1960 1896 quod

194 1899 456 1965 Patrem
481 1922 660 1963 suum
687 1900 940 1963 dixisset
967 1899 1195 1971 Deum,
1223 1896 1516 1980 ‹equalem
1544 1897 1809 1977 seips-um
1826 1898 1953 1977 fa-

196 1985 362 2048 ciem
382 1984 544 2056 Deo,
569 1984 750 2045 Joan.
781 2004 836 2043 v.
894 1981 1341 2043 Abominamur
1369 2003 1512 2062 ergo
1540 1980 1700 2040 Arrii
1729 1991 1790 2040 et
1817 2002 1955 2040 om-

196 2067 369 2130 nium
390 2067 782 2128 Arrianorum
812 2065 1064 2147 impiam
1094 2076 1303 2125 contra
1332 2063 1561 2124 Filium
1588 2063 1710 2124 Dei
1734 2062 1957 2124 doctri-

196 2171 363 2228 nam,
403 2149 701 2232 imprimis
744 2171 885 2210 vero
927 2147 1250 2209 Michaelis
1294 2146 1522 2207 Serveti
1578 2146 1839 2228 Hispani
1890 2157 1954 2207 et

195 2233 655 2296 Servetanorum
713 2231 987 2292 omnium
1059 2229 1483 2311 blasphemias,
1536 2250 1684 2309 quas
1749 2240 1958 2290 contra

195 2315 316 2379 Dei
348 2314 572 2377 Filium
612 2315 799 2375 Satan
841 2335 950 2397 per
982 2313 1114 2373 illos
1152 2311 1337 2372 veluti
1377 2334 1453 2371 ex
1494 2312 1697 2372 inferis
1737 2312 1958 2386 hausit,

194 2410 258 2462 et
286 2398 349 2461 in
377 2399 587 2459 orbem
618 2396 1014 2459 audacissime
1041 2407 1105 2456 et
1131 2394 1490 2477 impiissime
1520 2394 1828 2476 dispergit.

177 2517 226 2546 τ..
254 2481 559 2557 ‚Eundem
591 2502 834 2562 quoque
862 2479 1069 2541 aeterni
1100 2478 1220 2539 Dei
1251 2491 1541 2539 oeternum
1575 2477 1800 2538 Filium
1831 2500 1957 2538 cre-

194 2563 398 2628 dimus
435 2576 499 2627 et
532 2564 824 2626 docemus
864 2561 1128 2624 hominis
1165 2561 1397 2622 factum
1432 2583 1562 2622 esse
1600 2561 1849 2634 Filium,
1878 2583 1955 2621 ex

197 2648 426 2713 semine
465 2648 732 2709 Abrahae
784 2658 966 2727 atque
1007 2644 1283 2718 Davidis,
1326 2667 1447 2706 non
1499 2666 1576 2705 ex
1618 2644 1724 2704 viri
1772 2645 1956 2717 coitu,

241 2730 362 2794 uod
411 2730 657 2795 Hebion
709 2729 884 2804 dixit,
932 2729 1035 2790 sed
1087 2739 1453 2810 conceptum
1502 2727 1824 2810 purissime
1880 2749 1958 2787 ex

197 2752 428 2899 {piritu
455 2814 699 2888 Sancto,
725 2826 789 2875 et
827 2823 1036 2874 natum
1078 2833 1155 2872 ex
1186 2811 1387 2873 Maria
1423 2833 1661 2893 semper
1687 2810 1959 2892 Virgine,

198 2897 353 2961 sicut
392 2897 498 2961 dili
543 2908 713 2958 enter
753 2896 927 2958 nobis
971 2894 1221 2956 historia
1262 2894 1527 2977 explicat
1571 2893 1957 2975 Evangelica,

200 2979 385 3043 Matt.
414 2980 455 3042 i.
569 2992 597 3041 t
624 2980 847 3043 Paulus
890 2979 1001 3048 aitz
1039 2978 1287 3041 Nullibi
1324 2976 1574 3061 angelos
1608 2977 1957 3057 assumpsit,

201 3061 313 3125 sed
340 3084 544 3126 semen
573 3058 858 3126 Abrahoe.
943 3063 1212 3125 Joannes
1251 3061 1400 3122 item
1441 3060 1779 3144 apostolus:
1830 3059 1960 3124 Qui

203 3166 323 3207 non
371 3146 566 3207 credit
610 3146 828 3210 :Iesum
876 3146 1190 3208 Christum
1240 3145 1304 3205 in
1355 3165 1539 3206 carne
1588 3143 1839 3217 venisse,
1883 3163 1959 3203 es:

206 3227 345 3293 Deo
370 3250 494 3291 non
522 3236 631 3290 esi.
672 3229 831 3291 Caro
858 3252 1001 3309 ergo
1022 3228 1248 3289 Christi
1281 3249 1392 3287 nec
1420 3225 1799 3308 phantastica
1825 3225 1962 3301 fuit,

203 3333 318 3375 nec
338 3311 581 3373 coelitus
604 3310 804 3386 allata,
822 3311 999 3372 sicuti
1021 3310 1379 3371 Valentinus
1407 3321 1467 3369 et
1491 3308 1771 3370 Marcion
1799 3330 1961 3371 som-

205 3395 473 3461 niabant.
561 3395 855 3456 Praeterea
889 3394 1091 3455 anima
1125 3392 1240 3453 fuit
1268 3391 1542 3453 Domino
1572 3403 1774 3453 nostro
1806 3391 1961 3453 Jesu

206 3477 452 3541 Christo
486 3499 607 3539 non
649 3478 877 3560 absque
906 3498 1094 3539 sensu>
1119 3486 1182 3537 et
1219 3475 1465 3550 ratione,
1498 3486 1565 3536 ut
1596 3474 1654 3536 A
1737 3475 1962 3537 llinaris

208 3561 523 3637 sentiebat,
557 3584 757 3643 neque
798 3583 937 3623 caro
980 3562 1208 3641 absque
1252 3559 1474 3634 anima,
1512 3569 1580 3620 ut
1622 3497 1963 3622 lgii’nomius

1077 3663 1120 3703 D
1148 3655 1185 3704 3

1676 3777 1710 3789 f
