2418 4172
546 412 655 470 278
1178 408 1668 467 0010112138810

547 554 712 616 Nam
739 571 861 616 vox
890 552 1181 635 evangelii
1211 570 1252 635 g
1429 552 1503 613 lis
1530 565 1639 614 est.
1705 549 1887 614 Hanc
1911 562 2166 614 testatur
2195 551 2296 615 hie

549 646 691 699 usus
711 637 1013 720 *peninere
1041 635 1115 697 ad
1145 634 1319 719 singu
1347 656 1412 696 os
1442 635 1546 717 qui
1573 634 1960 697 sacramentis
1991 645 2258 697 cuntur.

1130 800 1728 842 ...ψ-

1082 936 1260 998 xlv.
1302 934 1407 997 De
1435 933 1767 1017 Raptis-mo.

548 1036 1062 1118 BAPTISMUS
1108 1062 1200 1112 est
1244 1052 1478 1133 integra
1521 1052 1698 1125 actio,
1736 1052 2016 1114 videlieet
2058 1050 2297 1126 mersio,

546 1150 609 1199 et
649 1137 966 1197 verborum
1009 1133 1465 1215 pronunciatio:
1515 1132 1655 1217 Ego
1697 1134 1941 1215 baptizo
1976 1142 2044 1196 te
2082 1134 2148 1196 in
2187 1154 2296 1195 no·

544 1221 708 1281 mine
741 1217 978 1288 Patris,
1030 1223 1090 1276 et
1126 1214 1294 1289 Filii,
1340 1223 1400 1276 et
1441 1213 1494 1275 S
1541 1216 1556 1231 ⁶
1601 1217 1717 1277 ’tus
1759 1216 1991 1279 Sancti.
2075 1216 2150 1278 In
2199 1216 2295 1278 his

546 1301 740 1362 verbis
783 1319 1084 1359 summam
1125 1297 1414 1358 doctrinae
1499 1298 1756 1379 vangelii
1793 1298 2292 1382 comprehensum

543 1402 706 1466 soepe
734 1397 1097 1443 enarramus.
1170 1379 1312 1462 Ego
1337 1378 1578 1460 baptizo
1599 1388 1665 1441 te
1684 1405 1705 1441 .·
1750 1380 1811 1442 id
1835 1392 1951 1455 est,
1972 1379 2110 1476 Ego
2126 1382 2297 1444 suti-

544 1468 690 1527 flcor
718 1466 833 1526 hac
864 1463 1157 1525 mersione
1186 1473 1245 1523 te
1289 1462 1450 1523 ablui
1481 1485 1515 1522 a
1542 1464 1825 1546 peccatis,
1850 1474 1915 1525 et
1948 1481 2066 1526 reci
2118 1464 2131 1477 ⁶
2160 1462 2294 1543 jam

541 1572 580 1609 a
607 1566 747 1610 vero
775 1548 933 1621 Deo,
953 1546 1056 1627 qui
1086 1557 1178 1606 est
1199 1545 1375 1606 Pater
1392 1545 1644 1606 Domini
1674 1546 1863 1607 nostri
1877 1544 2029 1609 Jesn
2106 1546 2296 1622 bristi,

545 1632 647 1712 qui
678 1642 739 1691 te
768 1650 877 1713 per
904 1629 1126 1690 Filium
1149 1628 1365 1690 Jesum
1388 1628 1703 1690 Christum
1734 1629 2008 1705 redemit,
2034 1642 2099 1691 et
2125 1649 2296 1693 sanc·

542 1713 738 1775 tificat
763 1725 825 1774 te
852 1712 1081 1795 Spiritu
1110 1713 1351 1772 Sancto.
1433 1712 1505 1771 In
1539 1711 1718 1792 hujus
1746 1713 1866 1773 ven‘
1898 1712 2018 1774 Dei
2048 1731 2294 1788 nomen,

544 1796 606 1858 id
655 1806 746 1857 est
789 1794 1252 1867 invocationem,
1281 1807 1340 1853 te
1384 1794 1647 1876 baptizo,
1676 1816 1858 1875 quern
1901 1814 2191 1878 agnosces
2232 1806 2295 1856 et

540 1877 870 1952 invocabis,
897 1888 959 1938 et
986 1876 1285 1937 discernes
1314 1877 1392 1936 ab
1420 1876 1700 1937 omnibus
1728 1877 2159 1939 commentitiis
2183 1899 2294 1939 nu-

541 1961 843 2023 minibus:
886 1971 948 2020 et
988 1969 1155 2021 certo
1196 1968 1419 2019 statues
1460 1957 1571 2019 tibi
1615 1959 1797 2020 tribui
1837 1961 2130 2022 beneficia
2156 1980 2295 2043 qnoe

542 2045 605 2105 in
644 2041 980 2125 Evangelio
1012 2077 1013 2080 =
1059 2040 1311 2112 romisit‚
1345 2051 1408 2100 te
1447 2058 1578 2100 esse
1621 2042 1963 2104 membrum
2005 2041 2294 2106 Ecclesioe

539 2126 682 2200 Dei,
710 2146 845 2206 quoe
887 2144 995 2207 per
1076 2123 1245 2183 ilium
1289 2121 1600 2206 redempta
1631 2135 1846 2198 *esuet
1887 2125 2297 2188 sanctificatur

540 2232 576 2271 a
603 2209 834 2292 Spiritu
862 2207 1105 2268 Sancto.
1195 2205 1384 2267 Hunc
1423 2205 1797 2268 intellectum
1841 2207 2020 2290 liujus
2048 2207 2294 2271 foedevis

539 2302 786 2354 teneant
829 2290 912 2366 hi,
940 2307 1200 2371 quorum
1244 2300 1387 2350 oetas
1420 2288 1552 2369 jam
1597 2289 1887 2352 doctrinae
1928 2312 2124 2387 capax
2161 2302 2291 2353 est:

540 2386 603 2436 et
633 2375 746 2436 bac
779 2372 1201 2435 testificatione
1238 2373 1598 2447 confirmati,
1623 2373 1867 2434 credant
1907 2371 2023 2435 sibi
2064 2374 2292 2436 remitti

540 2468 807 2540 peccata,
832 2466 905 2516 et
945 2478 1007 2516 se
1049 2476 1185 2515 vere
1226 2476 1353 2514 esse
1397 2456 1669 2516 membra
1713 2455 2004 2517 Ecclesia:
2047 2454 2188 2531 Dei,
2226 2468 2293 2518 nt

541 2561 676 2599 vera
734 2538 852 2599 fide
901 2559 1107 2597 verum
1159 2536 1362 2599 Deum
1419 2538 1736 2597 invocent:
1781 2538 1935 2599 sicut
1977 2539 2286 2600 Abrabam

540 2621 810 2703 cogitans
838 2619 913 2680 de
953 2619 1427 2692 circumcisione,
1458 2619 1801 2681 intuebatur
1829 2620 2289 2703 promissionem

541 2703 773 2765 venturi
806 2701 1070 2763 seminis.
1135 2701 1520 2782 Intelligebat
1549 2725 1611 2762 se
1644 2704 1983 2764 membrum
2014 2726 2143 2765 esse
2173 2703 2292 2766 Ec-

541 2785 735 2847 clesioe
776 2784 917 2860 Dei,
952 2795 1014 2845 et
1055 2781 1184 2844 tolli
1231 2782 1713 2847 maledictionem
1746 2807 1780 2847 a
1819 2809 1882 2846 se
1912 2808 2154 2868 quoque
2184 2808 2291 2871 per

542 2870 658 2930 boc
685 2887 914 2943 semen,
942 2866 1018 2928 de
1052 2887 1177 2948 quo
1215 2865 1445 2927 dictum
1473 2881 1603 2928 erat
1645 2869 1707 2928 in
1739 2867 2169 2951 promissione:
2212 2869 2289 2932 ht

538 2953 767 3013 smine
802 2959 907 3012 tuo
936 2949 1363 3012 benedicentur
1389 2972 1590 3012 omnes
1626 2960 1861 3034 gentes·
1941 2952 2050 3015 sic
2086 2964 2153 3014 et
2180 2952 2290 3014 Pe-

537 3047 666 3096 trus
694 3034 890 3109 docet,
912 3033 1298 3115 Baptismnm
1329 3054 1455 3095 esse
1480 3034 1933 3117 stipulationem
1957 3035 2124 3098 bone
2153 3055 2290 3097 oon-

537 3118 804 3180 scientiae
832 3138 986 3201 erga
1008 3117 1235 3187 Deum,
1259 3139 1371 3198 per
1398 3120 1897 3180 resurrectionem
1924 3117 2085 3180 «keu
2102 3118 2291 3181 ffi—

536 3202 640 3276 sti,
670 3201 779 3284 qui
806 3208 894 3263 ert
921 3201 1006 3262 ad
1030 3200 1341 3262 devectum
1374 3201 1518 3261 Dei.
1604 3201 1988 3263 Nominatim
2032 3203 2116 3264 ait
2145 3222 2287 3263 uase

537 3283 1009 3368 stipulationem,
1048 3302 1170 3365 qua
1210 3282 1381 3345 Deus
1422 3297 1624 3346 tecum
1668 3284 1869 3347 foedus
1895 3284 2080 3359 ·facit‚
2121 3295 2185 3346 et
2212 3294 2284 3343 ωε

539 3367 759 3429 sanatis
788 3366 1131 3428 vulneribus
1163 3380 1279 3428 tuae
1309 3367 1687 3430 conscientia:
1715 3368 1931 3453 recipit
1949 3391 1968 3429 :
2007 3377 2167 3428 ot‘tu
2195 3364 2285 3425 vi-

537 3451 737 3511 cissim
771 3471 910 3512 curn
942 3449 1079 3511 Deo
1106 3449 1252 3511 facis
1282 3450 1499 3524 foedus,
1531 3466 1597 3513 ut
1638 3452 1801 3514 hunc
1829 3469 2035 3512 verum
2074 3447 2280 3510 Deum
2350 3473 2357 3479 ·

540 3533 795 3606 invoces,
829 3546 893 3595 et
939 3532 1144 3595 credas
1186 3546 1246 3595 te
1289 3555 1396 3617 per
1433 3534 1655 3596 Filium
1701 3533 1820 3595 Dei
1858 3529 2278 3593 rumscitatum

538 3634 611 3672 ex
645 3628 856 3689 morte,
885 3628 944 3675 ct
976 3628 1348 3697 regnantem,
1367 3617 1607 3678 salvari.
1694 3616 1790 3677 Ita
1829 3612 2038 3674 essim
2081 3626 2175 3673 est
2218 3614 2277 3673 in
2378 3624 2389 3698 ξ

539 3709 597 3755 te
629 3695 725 3756 hic
761 3697 944 3757 Filius
975 3697 1114 3769 Dei,
1143 3698 1354 3758 sedens
1385 3698 1457 3759 ad
1486 3698 1794 3759 dexteram
1833 3694 2038 3757 eterni
2076 3696 2281 3771 Fatris,
2351 3703 2396 4172 ι’

2385 3895 2418 4172 ,ι
