2418 4172
20 4026 81 4172 ww?
10 3951 59 4015 mysi.

817 350 1299 403 SAonICA.
1823 349 1924 403 251

185 496 458 562 homines
497 516 697 555 coram
745 493 883 555 Deo
925 494 1046 555 sint
1089 491 1339 575 accepti.
1423 488 1542 551 Sed
1584 489 1772 550 Filius
1813 491 1930 552 Dei

182 579 487 644 Dominus
532 590 732 639 noster
762 577 944 638 Jesus
978 575 1276 648 Christus,
1322 572 1425 655 qui
1472 582 1563 633 est
1609 571 1809 652 imago
1856 596 1934 633 ω-

182 662 337 727 terni
363 661 570 735 Patris,
597 660 956 722 constitutus
985 671 1076 720 est
1107 657 1419 727 mediator,
1448 654 1818 738 propitiator,
1846 677 1935 715 re-

183 745 482 829 demptor,
499 744 880 824 justificator,
909 754 967 802 et
998 740 1269 800 salvator.
1345 737 1562 820 Hujus
1588 738 1771 798 unius
1800 737 1934 797 obe-

185 829 417 892 dientia
446 835 506 887 et
542 825 760 887 merito
794 824 1087 906 placatur
1114 822 1214 882 ira
1245 821 1395 894 Dei,
1425 832 1493 880 ut
1524 821 1702 881 Rom.
1733 819 1814 880 iii.
1844 820 1936 880 di-

185 912 365 975 eitur:
413 910 612 975 Quem
633 909 841 989 posuit
861 906 1322 988 propitiatorem
1348 902 1678 987 perfidem
1707 903 1771 963 in
1799 924 1938 963 san-

180 995 375 1080 guaiae
429 991 602 1076 ejus:
647 1003 709 1052 et
761 991 924 1052 Heb.
953 1012 1013 1051 x.
1060 986 1441 1069 Impossibile
1496 996 1584 1049 est
1638 988 1938 1069 sanguine

185 1086 501 1142 {warum
549 1073 686 1135 tolli
726 1082 998 1156 peccata.
1085 1072 1226 1167 Ipse
1275 1083 1475 1132 autem
1530 1070 1768 1132 unicam
1828 1092 1937 1152 pro

185 1159 448 1245 peccatis
504 1158 755 1219 offerens
802 1157 1081 1231 hostiam,
1127 1178 1188 1216 in
1236 1166 1593 1238 perpetuum
1647 1152 1814 1213 sedet
1864 1152 1937 1213 ad

188 1243 495 1307 dexteram
528 1241 669 1314 Dei,
698 1243 808 1302 &c.

273 1325 408 1387 Etsi
446 1336 647 1385 autem
681 1346 886 1385 causas
917 1321 1095 1402 hujus
1126 1319 1378 1381 mirandi
1410 1319 1662 1394 consilii,
1690 1341 1795 1380 cur
1823 1319 1940 1380 hoc

192 1408 376 1471 modo
404 1407 822 1469 redimendum
855 1406 1036 1466 fuerit
1064 1427 1252 1487 genus
1286 1403 1643 1478 humanum,
1666 1401 1936 1462 nondum

192 1493 255 1554 in
307 1491 422 1553 bac
468 1491 818 1551 infirmitate
867 1489 1186 1562 cernimus,
1231 1486 1334 1548 sed
1466 1498 1592 1546 stea
1640 1484 1941 1546 discendoe

191 1586 370 1636 erunt
417 1574 478 1634 in
526 1573 692 1633 omni
744 1573 1093 1644 aeternitate,
1135 1583 1340 1631 tamen
1434 1591 1521 1629 aec
1568 1569 1737 1630 initia
1779 1589 1942 1628 nune

190 1655 475 1718 discenda
503 1666 664 1715 sunt.

274 1737 748 1820 conspiciuntur
789 1735 850 1794 in
898 1734 1011 1795 hac
1039 1733 1286 1794 victima
1317 1732 1557 1813 justitia
1598 1744 1661 1792 et
1702 1733 1787 1792 ira
1821 1731 1939 1792 Dei

191 1820 470 1884 adversus
520 1830 858 1902 peccatum,
902 1828 964 1877 et
1008 1817 1304 1877 immensa
1350 1814 1755 1875 misericordia
1804 1836 1944 1896 erga

193 1926 322 1979 nos,
347 1915 410 1964 et
436 1924 605 1963 amor
633 1902 695 1962 in
725 1900 883 1961 Filio
911 1922 1053 1983 erga
1081 1921 1269 1982 genus
1309 1899 1664 1959 humanum.
1748 1897 1945 1959 Tanta

192 2000 285 2049 est
315 1986 567 2067 justitiae
611 1984 910 2055 severitas,
938 1996 1004 2043 ut
1049 2004 1172 2043 non
1211 1982 1289 2042 sit
1323 1982 1481 2043 facta
1519 1981 1943 2054 reconciliatiO,

195 2070 310 2132 nisi
348 2090 530 2152 poena
566 2067 1015 2150 persolveretur.
1099 2066 1296 2126 Tanta
1323 2076 1414 2125 est
1442 2065 1542 2125 irae
1571 2063 1945 2147 magnitudo,

196 2164 268 2215 ut
293 2165 549 2213 aeternus
579 2150 753 2210 Pater
780 2171 900 2209 non
946 2150 1021 2209 sit
1065 2149 1333 2230 placatus
1370 2147 1483 2207 nisi
1524 2147 1599 2208 de
1645 2148 1944 2208 recatione

196 2247 259 2298 et
308 2246 500 2296 morte
545 2233 702 2294 Filii.
785 2232 981 2292 Tanta
1023 2230 1445 2304 misericordia,
1490 2242 1557 2292 ut
1657 2230 1791 2291 ilius
1834 2252 1945 2312 pro

198 2317 372 2380 uobis
401 2316 576 2378 datus
606 2317 699 2376 sit.
772 2315 1016 2377 Tantus
1053 2335 1222 2375 amor
1250 2313 1311 2374 in
1341 2313 1499 2374 Filio
1541 2335 1682 2395 erga
1718 2335 1848 2387 nos,
1875 2324 1946 2374 ut

198 2402 357 2463 hanc
377 2420 574 2460 veram
604 2410 668 2459 et
697 2398 1002 2480 ingentem
1033 2397 1182 2458 iram
1213 2397 1275 2456 in
1307 2419 1370 2458 se
1397 2396 1765 2457 derivaverit.
1811 2396 1947 2458 Ha-

196 2506 330 2546 rum
376 2481 774 2544 maximarum
814 2492 875 2541 et
909 2501 1255 2541 arcanarum
1297 2501 1493 2540 rerum
1525 2479 1949 2540 consideratio·

198 2589 338 2629 nem
387 2566 450 2626 in
488 2565 831 2648 pectoribus
874 2563 1185 2624 accendito
1227 2574 1314 2637 tu,
1351 2563 1493 2623 Fm
1527 2562 1678 2635 Dm,
1715 2562 1944 2645 Spiritu

199 2662 307 2712 tuo
334 2650 576 2722 Sancto,
606 2660 673 2708 ut
699 2670 837 2709 vere
874 2668 1340 2730 expavescamus
1384 2646 1690 2728 agnitione
1732 2646 1856 2719 irae,
1885 2655 1947 2705 et

200 2754 401 2794 rursus
442 2753 580 2792 vera
634 2731 1039 2791 consolatione
1086 2730 1404 2813 erigamur,
1446 2744 1507 2790 et
1555 2742 1615 2790 te
1667 2729 1727 2790 in
1779 2728 1945 2789 omni

202 2814 531 2876 eternitate
558 2814 943 2875 celebremus.

289 2896 380 2958 Ut
413 2910 615 2957 autem
647 2897 936 2958 beneficia
974 2895 1153 2975 hujus
1193 2894 1548 2956 Mediatoris
1578 2906 1720 2954 nota
1748 2903 1949 2954 essent

204 2979 404 3062 generi
465 2980 748 3053 humano,
796 2990 859 3039 et
913 2979 1084 3039 nobis
1143 2979 1600 3061 applicarentur,
1649 2976 1809 3037 edita
1857 2989 1950 3038 est

206 3061 521 3145 promissio
564 3061 765 3122 statim
805 3061 986 3122 initio
1022 3073 1159 3144 post
1197 3062 1428 3143 lapsum
1471 3060 1799 3143 primorum
1885 3082 1948 3120 a-

206 3156 465 3216 rentum,
493 3155 556 3204 et
589 3144 808 3205 deinde
846 3144 1066 3228 saepius
1109 3145 1381 3227 repetita,
1411 3155 1473 3204 et
1499 3165 1647 3204 voce
1687 3082 1950 3225 propiie-

205 3239 401 3289 tarum
441 3226 768 3287 declarata:
810 3227 914 3288 sed
958 3226 1282 3288 clarissime
1324 3227 1571 3287 recitata
1613 3247 1721 3307 per
1749 3225 1948 3307 ipsum

206 3311 452 3384 Filium,
488 3322 551 3371 et
594 3308 811 3370 deinde
847 3332 954 3391 per
985 3309 1320 3391 apostolos:
1364 3322 1427 3369 et
1471 3308 1815 3369 institutum
1857 3318 1951 3369 est

208 3394 604 3455 ministerium
650 3392 924 3462 docendi,
969 3404 1031 3451 et
1118 3391 1472 3473 ropagandoe
1522 3390 1951 3473 promissionis,

200 3490 269 3539 et
309 3476 553 3538 condita
596 3474 864 3548 ecclesia,
901 3485 961 3535 et
1004 3414 1259 3534 sussinde
1299 3476 1625 3535 instaurata
1665 3474 1779 3536 hac
1819 3474 1951 3558 ipsa

207 3579 353 3623 voce
388 3559 465 3621 de
504 3559 661 3620 Filio
696 3558 816 3619 Dei
861 3557 1268 3642 propitiatore.
1353 3557 1464 3619 Per
1510 3556 1628 3619 hoc
1676 3556 1949 3622 ministe-

1627 3750 1648 3758 0

1647 3770 1681 3785 f
