2418 4172
547 387 653 437 428
836 382 950 436 111.
991 382 1091 436 ET
1129 382 1223 436 lv.
1262 383 1684 438 DOCTRINAE
1723 387 1998 453 CAPUT,

546 545 702 665 gere,
729 524 821 584 vel
869 524 940 584 ad
986 525 1112 604 ejus
1152 525 1578 586 correctionem
1611 548 1673 586 se
1700 526 2014 610 disponere
2041 550 2151 590 nec
2178 550 2281 590 vo-

571 618 699 680 unt,
727 628 837 667 nec
865 618 1134 689 possunt.
1362 688 1452 748 lv

630 769 960 831 Residuum
993 769 1237 851 quidem
1269 780 1358 830 est
1396 782 1531 864 post
1559 771 1792 853 lapsum
1824 770 1884 831 in
1918 770 2165 833 bomine
2191 771 2284 834 lu-

548 873 685 912 men
737 852 978 934 aliquod
1029 864 1273 925 naturae,
1317 874 1487 932 cujus
1544 853 1837 913 beneficio
1886 853 1987 913 ille
2042 853 2284 916 notitias

546 933 835 1014 quasdam
882 934 958 995 de
995 934 1149 1005 Det),
1191 934 1267 996 de
1316 936 1492 996 rebus
1535 936 1922 1009 naturalibus,
1962 935 2038 996 de
2078 935 2286 998 discri-

547 1016 709 1076 mine
739 1017 1125 1077 honestorum
1155 1028 1217 1077 et
1245 1017 1512 1099 turpium
1543 1018 1775 1092 retinet,
1801 1028 1862 1078 et
1901 1017 2141 1098 aliquod
2168 1017 2285 1079 vir-

545 1099 690 1158 tutis
734 1121 803 1159 ac
844 1097 1176 1180 disciplinae
1221 1110 1480 1160 externae
1531 1098 1796 1160 studium
1842 1099 2136 1161 ostendit:
2179 1099 2284 1161 sed

546 1191 780 1240 tantum
821 1181 987 1240 abest
1031 1190 1101 1239 ut
1150 1179 1266 1239 boc
1307 1189 1532 1241 naturae
1575 1181 1805 1241 lumine
1848 1180 1921 1241 ad
1965 1182 2281 1243 salutarem

547 1262 666 1322 Dei
695 1261 1100 1343 cognitionem
1211 1261 1457 1336 rvenire,
1481 1273 1542 1322 et
1580 1262 1653 1323 ad
1682 1284 1819 1323 eum
1851 1283 1915 1323 se
1942 1274 2285 1340 convertere

544 1345 752 1425 possit,
781 1356 848 1403 ut
891 1366 968 1403 ne
1006 1343 1108 1424 qui
1156 1366 1252 1403 em
1296 1365 1368 1403 eo
1405 1344 1467 1403 in
1508 1343 1875 1405 naturalibus
1914 1366 1984 1405 ac
2010 1343 2285 1406 civilibus

546 1437 703 1486 recte
747 1437 967 1499 utatur,
997 1425 1271 1506 quinimo
1313 1426 1751 1507 qualecumque
1794 1425 1854 1486 id
1897 1425 2143 1487 demum
2188 1426 2285 1499 sit,

547 1508 608 1567 id
648 1519 842 1570 totum
875 1507 1050 1568 variis
1098 1507 1292 1568 modis
1338 1509 1727 1583 contaminet,
1763 1519 1943 1590 atque
1992 1510 2055 1569 in
2100 1508 2287 1590 injus-

546 1590 679 1651 titia
706 1591 988 1664 detineat‚
1017 1590 1177 1671 quod
1208 1589 1353 1652 dum
1384 1590 1544 1666 facit,
1573 1612 1772 1652 coram
1808 1590 1947 1651 Deo
1974 1591 2286 1653 inexcusa-

547 1673 682 1733 bilis
712 1672 993 1733 redditur.

630 1838 784 1906 Quae
834 1836 1077 1897 luminis
1119 1846 1364 1910 naturoe,
1410 1835 1615 1896 eadem
1666 1835 1796 1899 haec
1836 1836 2129 1919 Decalogi
2179 1858 2288 1931 pet

550 1920 769 1980 Mosen
813 1941 846 1979 a
886 1918 1024 1979 Deo
1050 1917 1281 1979 Judaeis
1324 1918 1702 1999 peculiariter
1728 1918 1927 1979 traditi
1971 1930 2063 1979 est
2102 1930 2286 1981 ratio:

548 2024 687 2063 cum
719 2002 879 2062 enim
909 2001 960 2060 is
990 1999 1467 2082 magnitudinem
1508 1998 1754 2078 quidem
1785 2000 2015 2081 peccati
2041 2010 2287 2084 retegat,

548 2084 795 2164 ejusque
825 2081 1134 2143 hominem
1166 2082 1356 2163 magis
1386 2103 1455 2141 ac
1485 2082 1678 2163 magis
1706 2103 1872 2142 reum
1895 2093 2160 2165 peragat,
2181 2082 2288 2146 sed

550 2189 662 2227 nec
690 2165 1022 2226 remedium
1054 2164 1354 2239 exhibeat,
1382 2186 1494 2224 nec
1515 2163 1668 2224 vires
1696 2163 2039 2248 emergendi
2069 2186 2144 2226 ex
2174 2166 2288 2228 mi-

550 2248 700 2309 seria
729 2248 1013 2320 conferat,
1044 2247 1310 2329 adeoque
1339 2269 1445 2330 per
1465 2269 1702 2308 carnem
1734 2248 2072 2310 infirmatus
2098 2259 2289 2310 trans-

550 2353 877 2414 gressorem
912 2330 1330 2391 maledictione
1370 2330 1686 2412 relinquat,
1714 2351 1835 2391 non
1875 2341 2075 2414 potest
2104 2330 2289 2394 homo

551 2436 658 2497 per
684 2436 822 2475 eum
854 2413 1171 2475 salutarem
1203 2411 1455 2555 gratiani
1483 2413 1770 2474 obtinere.

635 2578 815 2647 Quod
847 2578 1027 2659 igitur
1054 2599 1165 2637 nec
1202 2577 1407 2637 lumen
1436 2588 1681 2651 naturae,
1711 2598 1822 2637 nec
1854 2577 1953 2637 lex
1981 2586 2198 2659 potest,
2226 2574 2287 2637 id

554 2660 811 2744 Spiritus
842 2659 1044 2720 Sancti
1076 2659 1294 2719 virtute
1323 2671 1562 2741 praestat
1583 2659 1770 2733 Deus,
1797 2681 1905 2741 per
1931 2680 2288 2733 sermonem,

554 2743 677 2804 sive
717 2741 1110 2803 ministerium
1157 2741 1669 2815 reconciliationis,
1744 2741 1860 2802 uod
1893 2753 1984 2803 est
2011 2739 2290 2823 Evange-

557 2826 703 2886 lium
734 2825 811 2886 de
841 2824 1086 2895 Messia,
1192 2845 1221 2884 r
1248 2823 1409 2919 quod
1441 2825 1665 2906 placuit
1758 2823 2136 2886 eohomines
2164 2844 2291 2885 αο-

555 2909 763 2969 dentes
819 2920 942 2969 tam
991 2907 1051 2968 in
1083 2845 1305 2979 &stem
1350 2928 1531 2988 quam
1584 2907 1644 2967 in
1694 2906 1876 2968 Novo
1901 2905 2290 2968 Testamento

555 3013 800 3052 servare.

1357 3071 1478 3132 v11
1488 3117 1501 3130 .

642 3156 783 3216 Hoc
824 3154 1146 3216 voluntatis
1195 3175 1315 3214 suae
1368 3153 1719 3237 mysterium
1774 3152 1945 3215 Deus
1994 3153 2059 3214 in
2085 3150 2289 3219 veum·

555 3239 946 3299 Testamento
994 3236 1372 3319 paucioribus
1422 3236 1720 3319 patefecit,
1770 3235 1829 3296 in
1878 3235 2059 3297 Novo
2084 3235 2293 3297 Testa-

559 3332 763 3382 mento
793 3318 1081 3402 pluribus,
1109 3319 1345 3381 sublato
1361 3318 1492 3398 jam
1533 3319 1891 3402 populorum
1930 3315 2291 3391 discrimine,

560 3404 918 3464 manifestat.
961 3401 1150 3463 Cu‘us
1179 3401 1636 3485 dispensationis
1658 3422 1882 3475 caussa,
1910 3422 2030 3462 non
2059 3401 2119 3462 in
2144 3419 2290 3481 gen·

559 3487 634 3546 tis
665 3486 841 3548 unius
870 3506 989 3568 proe
1019 3424 1133 3546 alia
1169 3483 1480 3568 dignitate,
1507 3496 1611 3546 aut
1640 3483 1884 3546 meliore
1914 3481 2156 3546 luminis
2184 3502 2290 3542 na·

559 3581 708 3628 turae
754 3589 885 3643 usu,
912 3566 1012 3628 sed
1060 3568 1118 3628 in
1165 3567 1467 3629 liberrimo
1510 3567 1903 3651 beneplacito,
1931 3574 1993 3626 et
2033 3562 2290 3646 gratuita

562 3648 877 3709 dilectione
927 3650 1052 3710 Dm
1106 3663 1195 3710 cst
1245 3649 1605 3712 collocanda.
1695 3647 1874 3709 Unde
1917 3644 2024 3718 illi,
2071 3645 2290 3726 quibus

2410 3111 2418 3183 .—.-.
2407 3077 2418 3093 Α
2407 2617 2418 3050 «ι-α-α--ι-ᾳ-ᾄ-
2413 2552 2418 2567 -
2413 2523 2418 2534 -
2413 2406 2418 2437 --
