2418 4172
419 344 524 396 152
1010 340 1500 396 CONFESSIO

422 506 576 557 rum,
620 483 776 544 sicut
819 482 1039 545 Paulus
1082 483 1267 545 dicit:
1315 483 1724 567 Evangelium
1767 491 1859 544 est
1892 485 2174 566 potentia

424 566 571 641 Dei,
599 566 684 627 ad
704 565 965 628 salutem
993 568 1157 628 omm'
1183 567 1470 628 credenti.
1557 566 1773 647 Itaque
1800 587 1941 628 cum
1972 578 2174 651 potes-

423 661 515 711 tas
571 649 970 711 ecclesiastica
1025 649 1316 712 concedat
1361 671 1453 710 res
1503 662 1772 722 oeternas,
1813 659 1876 709 et
1928 660 2172 712 tantum

423 744 769 794 exerceatur
797 754 904 815 per
932 732 1330 793 ministerium
1362 732 1548 804 verbi,
1578 754 1697 792 non
1729 730 1985 825 impedit
2018 732 2174 815 poli·

422 815 603 875 ticam
638 814 1237 889 administrationem,
1265 815 1420 876 sicut
1450 836 1543 875 ars
1579 813 1832 875 canendi
1868 813 2019 875 nihil
2059 814 2174 876 im-

420 896 589 981 pedit
648 897 955 980 politicam
1013 897 1611 959 administrationem.
1697 897 1861 958 Nam
1929 896 2175 980 politica

423 979 860 1040 administratio
898 990 1164 1040 versatur
1201 979 1357 1040 circa
1386 979 1529 1040 alias
1558 1002 1670 1053 res,
1700 1000 1886 1061 quam
1916 1000 2175 1063 evange-

423 1061 594 1123 lium.
681 1062 1074 1144 Magistratus
1119 1061 1390 1123 defendit
1439 1083 1562 1122 non
1610 1074 1862 1137 mentes,
1897 1061 2002 1123 sed
2045 1083 2176 1123 oor·

420 1166 568 1227 pora
605 1155 666 1204 et
707 1166 799 1204 res
826 1143 1194 1226 corporales,
1219 1144 1496 1204 adversus
1535 1143 1879 1206 manifestas
1907 1144 2174 1226 injurias,

421 1238 481 1287 et
531 1237 766 1287 coercet
816 1225 1092 1286 homines
1142 1225 1363 1307 gladio,
1403 1236 1464 1286 et
1504 1227 1914 1309 corporalibus
1954 1227 2175 1311 poenis,

421 1319 489 1369 ut
507 1309 813 1388 justitiam
844 1308 1082 1368 civilem
1111 1318 1172 1368 et
1202 1329 1415 1390 pacem
1445 1307 1714 1368 retineat.

501 1391 645 1451 Non
678 1390 861 1473 igitur
885 1390 1350 1451 commiscendae
1379 1399 1520 1451 sunt
1546 1400 1873 1473 potestates
1893 1389 2175 1452 ecclesia-

419 1473 566 1535 stica
602 1484 664 1534 et
707 1472 917 1534 civilis.
1002 1473 1425 1535 Ecclesiastica
1464 1495 1639 1535 suum
1683 1472 2036 1535 mandatum
2066 1473 2177 1535 ha⁶

420 1558 541 1630 bet,
570 1555 862 1639 evangelii
900 1554 1156 1618 docendi
1195 1567 1257 1617 et
1294 1555 1749 1617 administrandi
1779 1567 2171 1619 sacramenta.

417 1639 563 1700 Non
608 1640 900 1722 irrumpat
943 1639 1003 1699 in
1049 1639 1312 1699 alienum
1360 1638 1651 1714 officium,
1687 1661 1806 1700 non
1855 1639 2173 1701 transferat

419 1744 603 1802 regna
647 1721 879 1796 mundi,
905 1743 1026 1782 non
1067 1723 1314 1803 abroget
1347 1722 1508 1803 leges
1538 1722 2019 1805 magistratuum,
2045 1743 2170 1784 non

419 1805 589 1865 tollat
631 1804 962 1887 legitimam
1009 1804 1435 1879 obedientiam,
1464 1827 1589 1865 non
1629 1804 1919 1888 impediat
1936 1804 2172 1885 judicia

416 1886 493 1948 de
539 1887 675 1947 ullis
723 1886 1004 1948 civilibus
1053 1886 1527 1948 ordinationibus
1584 1898 1689 1948 aut
1744 1887 2172 1964 contractibus,

418 1993 539 2030 non
570 1970 914 2053 proescribat
944 1970 1103 2051 leges
1134 1969 1578 2051 magistratibus
1608 1969 1684 2030 de
1714 1969 1907 2031 forma
1926 1970 2171 2053 reipub-

418 2053 565 2126 licae,
615 2053 771 2114 sicut
799 2052 969 2126 ,dicit
1013 2052 1330 2112 Christus:
1391 2052 1680 2135 Regnum
1708 2073 1908 2114 meum
1931 2072 2054 2114 non
2079 2061 2172 2115 ed

418 2137 493 2196 de
529 2136 640 2196 hoc
680 2134 916 2196 munda.
1003 2135 1197 2195 Item:
1247 2135 1407 2200 Quis
1443 2135 1759 2196 constituit
1784 2156 1882 2197 me
1886 2134 2170 2230 Judzcens

418 2226 528 2279 aut
556 2218 872 2279 divisorem
900 2239 1087 2300 super
1112 2239 1218 2279 vos
1239 2219 1278 2277 ‚⁹
1317 2217 1403 2280 Et
1431 2218 1652 2279 Paulus
1683 2218 1765 2280 ait
1794 2218 2058 2302 Philipp.
2085 2218 2170 2280 iii.

419 2300 657 2362 Nostra
692 2300 914 2382 politia
956 2301 1022 2361 in
1066 2300 1236 2361 coelis
1278 2309 1384 2362 est.
1472 2314 1508 2362 2
1550 2301 1828 2363 Corinth.
1863 2322 1924 2362 x.
1966 2301 2171 2364 Ama

416 2384 647 2445 militiae
679 2392 894 2444 nostrae
922 2405 1039 2444 non
1065 2391 1211 2443 sunt
1239 2382 1539 2458 carnalia,
1566 2384 1678 2444 sed
1710 2384 1984 2465 potentia
2015 2383 2171 2459 Dei,

418 2467 502 2526 ad
527 2467 922 2527 destruendas
950 2466 1363 2548 cogitationes,
1391 2477 1505 2526 etc.
1590 2465 1687 2526 Ad
1721 2466 1885 2527 hunc
1914 2465 2166 2528 modum

418 2549 765 2610 discernunt
803 2548 989 2609 nostri
1031 2548 1345 2629 utriusque
1382 2548 1695 2631 potestatis
1733 2548 1948 2623 officia,
1975 2560 2037 2610 et
2063 2548 2169 2630 ju-

417 2633 563 2692 bent
598 2642 918 2712 utramque
958 2630 1183 2691 honore
1219 2630 1452 2693 afficere
1480 2641 1542 2691 et
1569 2653 1911 2714 agnoscere,
1939 2641 2165 2693 utram-

418 2736 539 2795 que
568 2713 688 2775 Dei
717 2716 949 2775 donum
980 2725 1042 2774 et
1071 2713 1433 2774 beneficium
1463 2736 1609 2775 esse.

501 2796 565 2857 Si
605 2818 788 2879 quam
830 2796 1055 2857 habent
1082 2796 1348 2880 episcopi
1384 2808 1746 2879 potestatem
1819 2794 1981 2872 ladii,
2008 2796 2168 2859 hane

419 2901 538 2940 non
585 2880 810 2942 habent
847 2878 1113 2962 episcopi
1142 2900 1218 2939 ex
1251 2878 1534 2940 mandato
1562 2819 1876 2962 evangeiii,
1906 2878 2009 2941 sed
2026 2879 2168 2960 Jure

420 2963 689 3023 humano
746 2961 1031 3023 donatam
1076 2984 1110 3023 a
1157 2963 1396 3045 regibus
1454 2971 1514 3022 et
1563 2962 2041 3046 imperatoribus,
2089 2961 2167 3024 ad

418 3045 996 3107 administrationem
1038 3044 1274 3106 civilem
1314 3066 1557 3106 suorum
1598 3047 1915 3106 bonorum.
2010 3045 2168 3107 Haee

419 3128 655 3190 interim
705 3128 821 3189 alia
870 3127 1100 3189 functio
1143 3139 1254 3203 est,
1298 3150 1481 3210 quam
1530 3128 1930 3190 ministerium
1980 3149 2165 3190 evan·

457 3211 573 3271 elii.

417 3232 456 3292 g
499 3295 660 3354 Cum
707 3292 891 3375 igitur
930 3292 1005 3354 de
1036 3292 1455 3374 jurisdictione
1492 3295 1911 3377 episcoporum
1947 3289 2164 3375 qued-

418 3388 532 3445 tur,
561 3376 814 3437 discerni
851 3375 1032 3437 debet
1071 3377 1390 3460 imperium
1432 3377 1509 3438 ab
1551 3375 1950 3439 ecclesiastiea
1976 3371 2163 3455 juris-

414 3456 694 3519 dictione.
786 3459 968 3520 Porro
1010 3460 1341 3523 secundum
1386 3460 1786 3543 evangelium,
1825 3475 1948 3531 seu,
1976 3465 2044 3516 ut
2071 3453 2161 3516 lo-

415 3553 698 3620 quuntur,
737 3540 813 3601 de
842 3541 983 3622 jure
1024 3542 1247 3618 divino,
1291 3543 1454 3605 nulla
1485 3540 1827 3623 jurisdictio
1866 3536 2160 3622 competit

411 3621 727 3705 episcopis,
755 3634 823 3684 ut
850 3624 1167 3706 episcopis,
1198 3625 1314 3686 hoc
1340 3635 1450 3699 est,
1480 3624 1590 3699 bis,
1619 3622 1839 3704 quibus
1865 3630 1959 3683 est
1985 3641 2156 3683 coma
