2418 4172
771 408 1253 463 SAXONICA.
1774 411 1876 463 281

220 547 537 611 Secunda:
582 549 730 611 Vult
786 562 847 611 et
902 550 1276 622 concionem,
1324 559 1388 609 et
1442 547 1641 630 ipsum
1698 549 1880 611 ritum

137 631 417 715 prodesse
460 631 534 692 ad
579 633 1091 694 conservationem
1133 643 1194 692 ct
1234 629 1724 713 propagationem
1760 652 1884 691 me-

139 714 344 776 moriae
375 714 686 797 passionis,
715 713 1176 783 resurrectionis,
1198 725 1260 773 et
1289 712 1718 773 beneficiorum
1748 735 1885 773 suo-

139 818 295 859 rum.

222 878 459 941 Tertia:
487 878 637 938 Vult
663 878 997 958 quemlibet
1026 887 1365 936 sumentem
1398 875 1515 936 hoc
1542 875 1887 936 testimonio

142 960 522 1044 singulariter
568 960 943 1035 confirmare,
985 971 1053 1020 ut
1104 970 1327 1020 statuat
1369 958 1442 1019 ad
1488 981 1549 1020 se
1594 959 1887 1040 pertinere

141 1043 435 1106 beneficia
473 1042 810 1124 Evangelii,
846 1064 987 1103 cum
1027 1043 1239 1103 concio
1281 1042 1358 1101 sit
1403 1042 1783 1102 communis:
1829 1053 1890 1102 et

145 1126 263 1189 hoe
306 1125 670 1199 testimonio,
715 1125 829 1186 hac
874 1125 1220 1207 sumptione
1268 1124 1548 1199 ostendit,
1592 1136 1653 1184 te
1702 1125 1888 1207 ipsius

145 1208 486 1271 membrum
529 1229 677 1281 esse,
704 1220 765 1268 et
802 1219 861 1268 te
891 1208 1166 1268 ablutum
1198 1229 1324 1267 esse
1354 1208 1645 1289 sanguine
1674 1228 1800 1278 suo,
1830 1218 1892 1267 et

145 1290 342 1355 facere
370 1313 433 1352 se
463 1291 580 1351 boc
609 1290 843 1351 foedus:
875 1290 1132 1351 Manete
1160 1291 1224 1350 in
1255 1311 1366 1363 me,
1388 1298 1447 1351 et
1477 1311 1588 1373 ego
1617 1290 1681 1351 in
1705 1290 1890 1351 vobis.

150 1374 346 1436 Item:
389 1373 531 1455 Ego
560 1374 622 1434 in
652 1374 756 1446 eis,
784 1381 842 1433 et
871 1374 935 1434 hi
962 1374 1025 1433 in
1054 1394 1163 1433 me.

234 1456 501 1527 Quartaz
543 1455 694 1516 Vult
736 1455 892 1517 hanc
935 1456 1238 1538 publicam
1287 1454 1718 1539 sumptionem,
1753 1477 1897 1516 con-

152 1538 470 1600 fessionem
518 1546 665 1612 esse,
708 1560 828 1619 qua
873 1538 1136 1599 ostendis
1178 1538 1340 1618 quod
1378 1537 1664 1599 doctrinae
1706 1559 1896 1620 genus

154 1621 555 1715 amplectaris,
582 1620 678 1681 cui
708 1621 893 1682 coetui
925 1632 985 1681 te
1021 1620 1330 1702 adjungas.
1413 1620 1562 1681 Vult
1591 1632 1652 1680 et
1680 1620 1897 1701 gratias

154 1723 252 1786 agi
293 1702 535 1785 publice
576 1714 638 1763 et
679 1703 957 1795 privatim
998 1703 1205 1794 ³¹¹.¹¹⁸.⁰
1235 1702 1364 1783 ipsa
1391 1702 1731 1762 ceremonia
1759 1701 1898 1762 Deo

154 1796 401 1856 aeteruo,
424 1784 603 1857 Patri,
631 1783 806 1854 Filio,
835 1797 897 1844 et
925 1784 1174 1865 Spiritui
1205 1782 1450 1856 Sancto,
1478 1805 1618 1877 cum
1649 1805 1759 1865 pro
1788 1806 1900 1844 cae-

0 1871 51 1938 3'‚
153 1867 296 1929 teris
338 1866 666 1940 beneficiis,
705 1877 835 1926 tum
883 1866 1240 1926 nominatim
1288 1887 1399 1948 pro
1440 1865 1556 1926 hoc
1599 1887 1901 1926 immenso

30 3347 58 3404 ἢ

155 1949 451 2011 beneficio
477 1948 907 2031 redemptionis
936 1961 998 2010 et
1025 1948 1387 2009 salvationis.
1471 1948 1620 2009 Vult
1657 1959 1719 2009 et
1755 1948 1900 2032 ipsis

157 2031 445 2095 Ecclesiae
476 2032 760 2093 membris
794 2031 949 2092 inter
990 2054 1118 2091 sese
1144 2031 1456 2092 vinculum
1503 2053 1631 2092 esse
1675 2043 1902 2092 mutuae

160 2115 612 2177 benevolentiae.
697 2114 793 2175 Ita
825 2114 997 2174 multi
1028 2116 1180 2174 fines
1209 2126 1591 2175 concurrunt.

245 2196 485 2258 Harum
533 2196 931 2257 maximarum
975 2218 1287 2257 causarum
1332 2197 1906 2257 commemoratione

163 2278 490 2342 invitantur
540 2280 817 2340 homines
867 2278 941 2340 ad
999 2278 1355 2340 sacramenti
1405 2278 1794 2339 reverentiam
1845 2290 1908 2339 et

164 2384 359 2425 usum.
443 2362 529 2423 Et
555 2362 862 2437 docemus,
889 2361 1197 2443 quomodo
1224 2361 1411 2445 prosit
1449 2384 1609 2422 usus.
1680 2362 1908 2446 Aperte

161 2445 520 2508 damnamus
562 2456 974 2528 portentosum
1018 2466 1274 2505 errorem
1318 2445 1775 2518 monachorum,
1802 2443 1910 2525 qui

163 2529 547 2612 scripserunt,
574 2528 980 2610 sumptionem
1014 2528 1224 2588 mereri
1255 2526 1666 2587 remissionem
1697 2549 1911 2609 pecca-

164 2623 385 2686 torum,
411 2623 473 2673 et
500 2611 745 2692 quidem
785 2633 860 2671 ex
891 2633 1070 2693 opere
1096 2621 1360 2692 operate,
1390 2609 1518 2670 sine
1547 2611 1709 2670 bono
1739 2620 1911 2670 motu

167 2695 409 2756 utentis.
496 2694 656 2755 Haec
704 2694 1039 2777 pharisaica
1087 2693 1439 2776 imaginatio
1486 2703 1720 2776 pugnat
1769 2714 1911 2753 cum

169 2776 353 2851 dicto,
386 2776 609 2838 Justus
647 2799 763 2838 sua
778 2774 927 2859 fide
963 2777 1141 2838 vivet.
1224 2776 1324 2837 Sic
1375 2776 1557 2858 igitur
1605 2774 1913 2836 erudimus

172 2858 531 2933 Ecclesiam,
566 2881 902 2921 accessuros
941 2859 1015 2920 ad
1059 2881 1298 2920 coenam
1336 2858 1590 2919 Domini
1641 2868 1915 2939 oportere

174 2940 619 3037 poenitentiam,
647 2963 751 3001 seu
794 2942 1241 3003 conversionem
1290 2941 1535 3015 adferre,
1562 2951 1624 3000 et
1666 2961 1915 3000 accensa

165 3046 297 3104 Jam
327 3022 446 3084 fide
483 3023 545 3084 in
582 3045 656 3084 co
699 3024 944 3086 ‘tatione
971 3024 1048 3085 de
1086 3036 1280 3086 morte
1309 3035 1371 3085 et
1398 3022 1826 3084 resurrectione
1853 3031 1917 3082 et

180 3105 483 3168 beneficiis
510 3105 648 3167 Filii
738 3103 1095 3188 eistquaerere
1123 3107 1224 3168 hic
1254 3105 1770 3168 confirmationem
1804 3104 1918 3164 hu·

169 3192 271 3270 jus
300 3187 476 3249 fidei:
506 3189 647 3269 quia
676 3189 736 3250 in
766 3210 878 3250 usu
908 3190 1262 3251 sacramenti
1294 3192 1364 3249 fit
1392 3187 1752 3260 testificatiO,
1825 3208 1916 3248 uae

178 3270 459 3346 ostendit,
485 3270 560 3332 ad
588 3283 649 3331 te
687 3293 931 3354 quoque
969 3273 1262 3355 pertinere
1291 3271 1580 3332 beneficia
1609 3269 1746 3329 Filii
1779 3209 1916 3331 gei.

180 3354 282 3415 Fit
308 3366 370 3415 et
407 3354 767 3427 testificatio,
794 3353 956 3435 quod
985 3366 1044 3415 te
1083 3354 1195 3414 sibi
1235 3355 1574 3414 membrum
1614 3351 1920 3435 adjungat,

31 3430 68 3480 ⁴-
178 3449 242 3517 et
283 3436 445 3518 quod
490 3437 565 3497 sit
610 3437 668 3497 in
714 3447 793 3508 te,
821 3436 976 3496 sicut
1006 3435 1154 3496 dicit
1179 3436 1359 3496 Joan.
1389 3435 1530 3496 xvii.
1559 3433 1701 3519 Ego
1730 3456 1795 3495 m
1821 3457 1921 3498 vo-

36 3758 116 4172 ἰ

183 3520 596 3666 bufflgz‘ssemu,
639 3603 842 3673 etiam,
870 3622 947 3663 ne
989 3601 1292 3662 existimet
1333 3611 1576 3684 propter
1603 3600 1719 3662 hoc
1751 3622 1922 3684 opus,

188 3706 292 3749 seu
321 3686 477 3748 hanc
505 3685 905 3748 obedientiam
938 3684 1160 3746 remitti
1190 3695 1454 3767 peccata,
1474 3682 1574 3745 sed
1606 3682 1922 3783 utlfiducia
