2418 4172
448 321 554 376 188
1074 320 1561 375 CONFESSIO

448 465 693 534 Quanta
730 463 907 524 fuerit
934 463 1080 525 olim
1109 463 1458 537 obscuritas,
1487 474 1714 544 quanta
1741 462 2014 525 confusio
2041 460 2184 523 doc'-

444 547 614 610 trinoe
653 546 729 608 de
768 547 943 607 bonis
983 569 1020 607 o
1100 546 1283 619 ribus,
1314 547 1484 607 bonae
1514 557 1746 607 mentes
1775 546 1917 628 satis
1944 556 2184 606 norunt.

443 630 648 692 Nemo
686 631 972 691 monebat
1040 652 1073 690 e
1102 629 1448 689 discrimine
1479 628 1876 689 humanarum
1914 627 2183 688 traditio-

441 734 591 774 num
622 724 683 773 et
711 713 856 795 legis
884 712 1118 773 divinoe.
1192 711 1395 772 Nemo
1421 711 1694 785 docebat,
1721 710 2026 792 quomodo
2098 709 2183 770 la-

443 806 646 857 cerent
676 796 833 856 bona
860 818 1058 878 opera,
1087 795 1146 854 in
1178 806 1344 854 tanta
1374 808 1575 855 nostra
1604 795 1972 855 infirmitate.
2054 731 2183 853 Be-

443 878 627 959 nique
673 877 1029 938 altissimum
1075 877 1379 938 silentium
1425 889 1551 938 erat
1591 877 1666 937 de
1711 877 1848 949 fide,
1883 898 2003 957 qua
2030 896 2181 958 opus

442 973 534 1021 est
576 962 637 1021 in
682 961 1030 1020 remissione
1069 973 1471 1040 peccatorum.
1556 961 1640 1019 At
1673 960 1989 1042 explicatis
2019 979 2182 1018 nunc

443 1043 538 1104 bis
580 1044 775 1115 rebus,
804 1053 1010 1101 tenent
1052 1041 1165 1122 pioe
1208 1042 1586 1101 conscientiae
1621 1042 2090 1102 consolationem
2121 1052 2183 1100 et

441 1137 665 1186 certam
712 1145 878 1205 spem
927 1123 1152 1195 salutis,
1180 1134 1242 1182 et
1284 1124 1630 1204 intelligunt
1670 1145 1838 1184 veros
1876 1124 2092 1194 cultus,
2120 1133 2182 1183 et

442 1218 666 1268 norunt
714 1204 1019 1287 quomodo
1067 1205 1345 1287 placeant
1393 1204 1551 1279 Deo,
1597 1216 1660 1265 et
1708 1205 2015 1286 quomodo
2061 1205 2183 1267 sint

441 1289 747 1351 meritorii.

441 1516 936 1598 INVOCATIO
977 1548 1069 1597 est
1112 1432 1437 1617 bonzzsxgui
1468 1546 1706 1596 tantum
1737 1534 1875 1596 Deo
1902 1534 2179 1630 omnipo·

438 1619 587 1679 tenti
618 1619 991 1701 praestandus
1020 1631 1130 1692 est,
1159 1619 1456 1691 videlicet,
1486 1619 1644 1679 Patri
1674 1629 1918 1693 aeterno,
1939 1629 2003 1680 et
2022 1618 2181 1679 Filio

433 1722 508 1762 ac
536 1702 832 1763 Servatori
862 1714 1066 1762 nostro
1093 1702 1243 1763 Jesu
1274 1701 1539 1774 Christo,
1567 1713 1629 1762 et
1657 1701 1907 1783 Spiritui
1934 1701 2177 1762 Sancto.

430 1786 530 1845 ·Ac
593 1785 903 1868 proposuit
968 1785 1140 1844 nobis
1196 1784 1367 1845 Deus
1431 1783 1655 1844 Filium
1722 1805 1898 1843 suum
1958 1784 2176 1845 Jesum

435 1865 748 1927 Christum
781 1866 1272 1928 Mediator-emet
1301 1866 1658 1927 Pontificem
1695 1866 2176 1948 interpellantem

434 1971 546 2032 pro
589 1949 780 2009 nobiS.
866 1950 1116 2032 Propter
1172 1948 1333 2008 hunc
1390 1948 1586 2008 solum
1641 1958 1896 2007 testatur
1947 1959 2179 2010 nostras

431 2053 642 2115 preces
682 2031 869 2092 audiri
908 2043 971 2092 et
1004 2030 1213 2115 accipi,
1235 2030 1415 2110 juxta
1449 2028 1617 2100 illud,
1654 2029 1973 2173 Ωαίιῖἷίά
2037 2029 2183 2092 etie-

432 2115 576 2175 ritis
623 2113 883 2175 Patrem
931 2115 997 2174 in
1052 2114 1290 2175 nomine
1331 2134 1479 2187 mea,
1522 2112 1691 2173 dabit
1730 2134 1805 2174 vo
1853 2114 1867 2127 '
1899 2159 1913 2172 .
1986 2051 2179 2188 ἷῐεω,

446 2197 618 2258 Unus
660 2206 749 2258 est
788 2196 1101 2258 Mediator
1134 2197 1264 2257 Dei
1306 2205 1366 2257 et
1408 2196 1727 2257 hominum.
1812 2195 1979 2278 Ergo
2014 2197 2181 2257 invo-

432 2291 639 2340 cantes
679 2280 909 2355 Deum,
936 2281 1184 2341 offerant
1226 2302 1360 2340 suas
1404 2301 1607 2361 preces
1649 2301 1756 2360 per
1783 2279 2006 2339 Filium
2036 2278 2179 2354 Dei,

433 2362 589 2423 sicut
628 2363 691 2423 in
732 2365 855 2423 fine
896 2385 1143 2446 precum
1182 2362 1243 2422 in
1280 2362 1528 2422 ecclesia
1556 2361 1673 2421 dici
1705 2361 1875 2434 solet,
1902 2360 2035 2422 Per
2058 2361 2177 2422 Je-

432 2466 566 2505 sum
603 2445 930 2519 Christum,
960 2447 1068 2506 &c.
1144 2444 1298 2505 Haec
1326 2443 1401 2504 de
1431 2443 1808 2504 invocatione
1836 2442 2035 2504 doceri
2069 2466 2177 2505 ne-

433 2549 598 2588 cesse
626 2541 736 2600 est,
766 2527 920 2588 sicut
952 2528 1094 2588 alias
1125 2526 1420 2606 copiosius
1458 2526 1534 2587 de
1576 2526 1951 2587 invocatione
1987 2526 2175 2587 nostri

431 2609 814 2692 scripserunt.
899 2609 956 2670 E
998 2621 1204 2671 contra
1245 2631 1384 2670 vero
1424 2608 1703 2684 taxanda,
1731 2621 1793 2670 et
1820 2630 1894 2669 ex
1923 2609 2176 2671 ecclesia

477 2714 671 2753 rorsus
709 2691 999 2773 ejicienda
1038 2704 1129 2753 est
1170 2691 1542 2753 consuetudo
1586 2691 1900 2753 invocandi
1937 2702 2175 2754 sanctos

342 2844 347 2851 ¹
433 2713 729 2851 Komines,
803 2775 862 2836 ui
901 2796 977 2836 ex
1017 2774 1131 2836 hac
1163 2775 1284 2835 vita
1312 2774 1711 2849 decesserunt,
1740 2775 1884 2856 quia
1914 2774 2013 2836 hic
2042 2795 2174 2836 mos

433 2857 682 2939 gloriam
721 2798 830 2919 sai
858 2857 996 2919 Deo
1032 2856 1297 2919 debitam
1330 2858 1608 2918 transfert
1637 2858 1709 2919 ad
1743 2857 2039 2932 homines,
2066 2857 2175 2919 tri-

434 2940 569 3001 buit
606 2941 856 3002 mortuis
895 2940 1415 3023 omnipotentiam,
1445 2940 1609 3022 quod
1649 2941 1840 3002 sancti
1882 2962 1916 3002 a
1989 2940 2177 3002 iciant

434 3034 634 3084 motus
656 3024 947 3099 cordium,
969 3023 1179 3085 tribuit
1202 3024 1347 3084 item
1373 3023 1623 3084 mortuis
1645 2962 2176 3086 officiumaeledia-

432 3106 576 3166 toris
605 3106 851 3180 Christi,
873 3117 935 3168 et
964 3105 1123 3167 haud
1151 3106 1332 3167 dubie
1349 3107 1629 3167 obscurat
1647 3107 1900 3189 gloriam
1923 3105 2172 3167 Christi.

433 3187 581 3249 Ideo
618 3200 813 3251 totum
854 3210 1082 3251 morem
1121 3188 1436 3251 invocandi
1474 3201 1711 3250 sanctos
1752 3189 2025 3251 homines
2065 3185 2171 3269 qui

430 3292 506 3331 ex
553 3272 665 3333 hac
706 3272 829 3333 vita
869 3271 1284 3346 discesserunt,
1311 3271 1671 3333 damnamus
1712 3285 1773 3334 et
1814 3268 2166 3354 fugiendum

432 3374 559 3413 esse
587 3376 915 3417 censemus.
986 3354 1105 3416 Sed
1134 3354 1280 3416 illud
1312 3354 1554 3439 prodest
1580 3355 1826 3417 recitare
1851 3372 2017 3415 veras
2046 3349 2169 3411 his-

432 3435 610 3495 torias
649 3437 909 3519 piorum,
984 3438 1083 3499 uia
1121 3438 1399 3521 exempla
1434 3438 1661 3499 utiliter
1685 3437 1903 3498 docent
1927 3432 1979 3494 ti
2006 3443 2169 3495 oeete

431 3531 856 3597 proponantur.
997 3542 1098 3581 um
1159 3520 1435 3582 audimus
1477 3519 1700 3581 Davidi
1755 3514 2164 3578 condonatum

429 3617 559 3657 esse
615 3597 869 3681 lapsum,
916 3604 1306 3664 confirmatur
1360 3601 1507 3663 fides
1565 3602 1625 3662 in
1683 3599 1857 3661 nobis
1904 3619 2165 3681 quoque.

2406 1650 2418 1913 'fiafflA-—q-dn
2411 1587 2418 1609 Α
2416 1519 2418 1529 ᾼ

2400 2853 2408 2873 ”
2392 2570 2418 2816 ’Νι-*ἱ
2396 2363 2418 2557 μήνεί-ψ
