2418 4172
616 334 1167 389 AUGUSTANA
1220 335 1478 388 MDXL.
1825 340 1931 391 225

212 587 220 597 ,
590 525 695 587 De
723 523 1040 586 Potestate
1068 523 1532 586 Ecclesiastica.

188 625 570 708 MAGNAE
606 640 1042 725 disputationes
1086 637 1338 720 fuerunt}
1362 638 1437 699 de
1472 646 1767 719 potestate
1809 638 1934 729 epi-

185 742 525 807 scoporum,
553 725 615 783 in
646 722 864 803 quibus
903 722 1175 781 nonnulli
1222 719 1604 781 incommode
1647 741 1931 780 commis-

184 818 438 867 euerunt
575 816 851 865 testatem
909 802 1396 876 ecclesiasticam,
1452 813 1514 862 et
1613 813 1928 863 otestatem

186 886 388 972 gladii.
515 899 541 947 t
562 909 637 948 ex
663 886 776 948 bac
797 886 1166 958 confusione,
1190 885 1455 945 maxima
1484 825 1659 956 beffa,
1684 885 1934 945 maximi

186 980 388 1031 motus
416 970 761 1043 extiterunt,
789 968 933 1029 dum
967 969 1304 1050 pontifices,
1326 968 1457 1028 freti
1490 978 1786 1049 potestate
1816 968 1935 1028 cla-

185 1050 373 1123 vium,
402 1073 523 1113 non
568 1053 762 1113 solum
810 1073 993 1111 novos
1037 1052 1233 1111 cultus
1278 1050 1703 1119 instituerunt3
1754 1071 1936 1110 reser-

186 1134 426 1196 vatione
453 1157 723 1208 casuum,
742 1134 1019 1195 violentis
1042 1133 1769 1194 excommunicationibus
1792 1155 1937 1194 con-

189 1217 469 1279 teientias
497 1229 925 1285 oneraverunt;
970 1216 1070 1276 sed
1102 1217 1282 1276 etiam
1309 1238 1491 1297 regna
1513 1214 1723 1276 mundi
1746 1227 1936 1275 trans-

186 1298 340 1361 ferre
395 1310 458 1360 et
512 1300 971 1382 imperatoribus
1028 1298 1289 1358 adimere
1345 1298 1665 1379 imperium
1736 1298 1934 1358 conati

189 1393 350 1443 sunt.
437 1381 593 1443 Haec
629 1382 775 1443 vitia
812 1381 1007 1442 multo
1041 1395 1179 1443 ante
1208 1380 1721 1462 reprehenderunt
1749 1380 1809 1440 in
1839 1402 1937 1441 ec-

188 1462 372 1526 cle-ia
401 1464 676 1525 homines
703 1465 788 1558 pii
818 1477 879 1524 et
906 1462 1145 1524 eruditi.
1229 1463 1446 1543 Itaque
1475 1462 1658 1523 nostri
1690 1462 1765 1523 ad
1793 1483 1937 1523 con-

188 1545 463 1608 solandas
519 1546 935 1619 conscientias,
991 1545 1181 1605 coacti
1239 1556 1380 1605 sunt
1446 1544 1758 1604 ostendere
1821 1544 1941 1604 dis-

188 1626 418 1689 crimen
460 1628 875 1688 ecclesiasticoe
917 1627 1250 1708 potestatis,
1278 1636 1340 1685 et
1381 1626 1693 1707 potestatis
1737 1624 1938 1705 gladii,

186 1718 252 1771 ot
275 1707 610 1770 docuerunt
638 1720 957 1787 utramque
987 1720 1231 1790 propter
1270 1707 1621 1767 mandatum
1653 1706 1775 1767 Dei
1806 1707 1940 1766 reli-

187 1790 356 1875 giose
396 1791 791 1852 venerandam
838 1801 900 1850 et
944 1790 1169 1850 honore
1212 1788 1587 1849 afficiendam
1628 1811 1777 1863 esse,
1807 1800 1941 1849 tan-

187 1894 371 1956 quam
403 1896 642 1935 summa
667 1874 787 1942 Dei
821 1873 1113 1934 beneficia
1141 1872 1206 1932 in
1237 1872 1425 1931 terriS.

269 1955 376 2017 Sic
416 1969 620 2019 autem
663 1956 949 2030 sentiunt,
975 1965 1334 2037 potestatem
1381 1953 1662 2024 clavium,
1693 1975 1795 2014 seu
1827 1977 1940 2036 po-

189 2049 471 2100 testatem
492 2039 935 2123 episcoporum‚
946 2037 1127 2116 juxta
1146 2036 1548 2118 evangelium,
1577 2047 1937 2117 potestatem

190 2142 321 2183 esse
362 2143 468 2182 seu
511 2121 862 2182 mandatum
908 2120 1051 2192 Dei,
1090 2118 1453 2202 praedicandi
1499 2119 1811 2199 evangelii,
1849 2141 1943 2180 re-

192 2203 471 2265 mittendi
513 2217 576 2265 et
615 2202 909 2264 retinendi
952 2208 1219 2285 peccata,
1247 2212 1309 2261 et
1351 2200 1806 2261 administrandi
1851 2224 1942 2262 sa·-

192 2296 515 2348 cramenta.
600 2286 767 2346 Nam
805 2306 946 2345 cum
986 2285 1101 2344 boc
1130 2283 1413 2344 mandato
1442 2281 1721 2343 Christus
1752 2283 1942 2344 mittit

192 2368 512 2453 apostolos,
534 2369 709 2430 Sicut
738 2368 907 2429 misit
933 2389 1028 2429 me
1049 2366 1267 2440 Pater,
1287 2366 1378 2426 ita
1399 2373 1461 2426 et
1484 2387 1596 2447 ego
1616 2366 1793 2426 mitto
1815 2388 1937 2428 υοε.

192 2451 474 2533 Accipite
522 2450 821 2534 Spiritum
877 2450 1172 2511 Sanctum
1190 2476 1211 2519 ,-
1270 2470 1528 2531 quorum
1580 2448 1942 2509 remiseritis

185 2542 460 2616 peccata,
502 2535 904 2596 remittuntur
953 2534 1083 2602 eis,-
1146 2540 1205 2592 et
1260 2552 1517 2614 quorum
1562 2531 1943 2591 retinueritis

189 2626 458 2699 peecata.
503 2626 745 2678 retenta
800 2624 959 2677 sunt.
1041 2614 1234 2676 Marc.
1285 2614 1403 2675 xvi.
1452 2614 1567 2687 Ite,
1611 2613 1941 2693 praedicate

197 2698 573 2781 wmgelium
603 2700 766 2761 omni
797 2707 1114 2774 creaturae,
1145 2699 1255 2758 &c.

281 2780 440 2842 Haec
467 2792 727 2863 potestas
757 2793 996 2843 tantum
1024 2791 1334 2841 exercetur
1360 2777 1631 2838 docendo
1662 2799 1765 2837 seu
1787 2798 1944 2859 prae-

195 2861 452 2925 dicando
487 2864 888 2946 evangelium,
920 2875 983 2924 et
1020 2861 1379 2946 porrigendo
1422 2869 1810 2932 sacramenta,
1848 2860 1943 2919 vel

199 2944 407 3006 multis
449 2945 542 3006 vel
589 2946 839 3028 singulis
877 2946 1058 3026 juxta
1102 2943 1500 3016 vocationem,
1543 2941 1687 3021 quia
1732 2962 1945 3002 conce-

195 3025 425 3088 duntur
464 3048 584 3088 non
626 3050 720 3089 res
761 3027 1117 3111 corporales,
1150 3026 1254 3087 sed
1298 3047 1389 3086 res
1433 3035 1688 3096 aeternoe‚
1705 3021 1945 3101 justitia

197 3119 437 3183 aeterna,
478 3109 734 3192 Spiritus
784 3091 1059 3183 §anctum
1099 3110 1223 3170 vita
1278 3119 1516 3167 oeterna.
1606 3105 1764 3165 Haee
1820 3126 1942 3166 non

198 3202 452 3275 possunt
478 3192 841 3274 contingere,
861 3193 974 3252 nisi
1005 3213 1111 3275 per
1141 3189 1537 3251 ministerium
1569 3186 1734 3247 verbi
1762 3197 1825 3246 et
1851 3209 1947 3247 sa-

197 3285 678 3348 cramentorum,
718 3273 874 3335 sicut
923 3275 1140 3334 Paulus
1196 3272 1364 3344 dicit,
1407 3267 1816 3351 Evangelium
1858 3278 1947 3331 est

189 3357 466 3438 potentia
514 3356 659 3431 Dei,
702 3356 787 3416 ad
828 3354 1087 3416 salutem
1141 3354 1305 3414 omni
1361 3352 1644 3412 credenti.
1729 3350 1947 3432 Itaque

198 3460 343 3501 cum
384 3451 649 3522 potestas
692 3437 1094 3500 ecclesiastica
1136 3433 1426 3496 concedat
1463 3454 1556 3494 res
1585 3444 1857 3504 aeoemas,
1886 3444 1948 3494 et

198 3531 435 3583 tantum
465 3533 813 3583 exerceatur
839 3542 947 3615 per
974 3517 1371 3580 ministerium
1396 3517 1582 3591 verbi,
1601 3537 1722 3577 non
1756 3514 1948 3599 impe-

202 3601 294 3664 dit
338 3604 646 3686 politicam
707 3601 1303 3674 administrationem,
1346 3598 1501 3659 sicut
1556 3620 1649 3660 ars
1695 3598 1946 3661 canendi

1049 3704 1093 3743 a
1910 3703 1914 3706 .

1647 3771 1680 3785 s
