2418 4172
637 345 1190 400 AUGUSTANA
1240 344 1495 398 MDXL.
1833 350 1937 405 173

199 507 440 552 carnem
466 487 773 550 vivamus.-
816 490 874 551 si
901 490 1056 551 enim
1082 487 1408 551 secundum
1438 504 1681 548 carnem
1707 487 1937 562 vivetis,

195 569 535 633 moriemini
553 596 574 631 .·
617 571 729 632 sed
749 573 804 633 si
829 572 1054 654 spiritu
1088 571 1354 633 actiones
1383 568 1652 649 eorporis
1688 571 1939 653 mortifi-

197 651 430 725 cabitis,
457 655 686 719 vivetis.
1849 708 1855 715 .

280 734 600 797 Damnant
625 735 1015 807 Novatianos,
1042 733 1147 814 qui
1176 732 1462 793 nolebant
1489 731 1792 792 absolvere
1821 755 1941 807 eos,

197 818 303 913 qui
355 819 502 902 lapsi
561 828 699 901 post
749 816 1138 899 baptismum,
1187 814 1462 876 redibant
1512 814 1584 875 ad
1637 815 1941 896 poeniten-

170 911 364 963 ‘tiam

279 981 593 1044 Damnant
636 995 698 1041 et
745 980 898 1053 illos,
945 980 1049 1061 qui
1099 1001 1220 1039 non
1266 978 1485 1040 docent
1530 979 1938 1041 remissionem

195 1075 580 1149 peccatorum
612 1086 719 1146 per
745 1063 927 1124 fidem
960 1062 1142 1145 gratis
1172 1074 1414 1145 propter
1444 1062 1755 1123 Christum
1796 1085 1940 1124 con-

195 1147 448 1231 tingere,
497 1146 600 1207 sed
657 1145 1031 1208 contendunt
1090 1146 1497 1207 remissionem
1556 1157 1937 1228 peccatorum

197 1229 543 1312 contingere
642 1241 841 1312 ropter
895 1228 1251 1311 dignitatem
1311 1228 1704 1300 contritionis,
1762 1228 1942 1290 dilec-

197 1313 399 1388 tionis,
428 1324 533 1373 aut
576 1334 608 1372 a
636 1312 829 1373 iorum
867 1333 1138 1394 operum,
1167 1323 1227 1372 et
1244 1311 1466 1391 jubent
1494 1310 1767 1372 dubitare
1800 1334 1941 1372 con-

199 1395 477 1459 scientias
520 1395 580 1456 in
626 1395 1001 1477 poenitentia,
1040 1417 1115 1455 an
1159 1405 1602 1474 consequantur
1643 1394 1943 1455 remissio-

200 1500 364 1553 nem,
392 1489 455 1539 et
492 1478 789 1539 affirmant
829 1478 985 1539 hanc
1022 1477 1458 1538 dubitationem
1499 1498 1616 1536 non
1648 1499 1775 1537 esse
1803 1499 1944 1560 pee-

198 1572 421 1623 catum.

279 1641 598 1704 Damnant
626 1652 687 1701 et
717 1641 880 1714 istos,
902 1641 1007 1722 qui
1028 1642 1353 1701 canonicas
1383 1640 1810 1700 satisfactiones
1839 1639 1945 1700 do-

198 1735 340 1787 cent
376 1723 732 1785 necessarias
771 1745 900 1782 esse
941 1722 1015 1783 ad
1048 1721 1424 1783 redimendas
1454 1744 1667 1803 poenas
1696 1733 1944 1783 aeternas

199 1818 307 1869 aut
344 1829 558 1890 poenas
603 1805 950 1888 purgatorii,
992 1805 1102 1866 etsi
1146 1805 1407 1866 fatemur
1450 1804 1621 1865 bonis
1663 1805 1944 1888 operibus

201 1890 463 1974 mitigari
505 1901 842 1972 praesentes·
866 1888 1254 1962 calamitates,
1296 1887 1450 1948 sicut
1493 1886 1704 1947 Esaias
1752 1886 1946 1961 docet,

202 1994 333 2056 cap.
371 1971 514 2038 lviii.
565 1972 814 2052 Frange
862 1972 1149 2031 esurienti
1184 1992 1410 2051 panem
1468 1977 1659 2043 tuum,
1704 1972 1814 2031 διο.
1858 1970 1947 2031 Et

201 2078 242 2117 r
361 2055 469 2116 ‘em
512 2054 625 2115 tibi
667 2054 836 2115 dubit
865 2054 1166 2114 Dominus
1201 2075 1454 2134 semper.
1543 2052 1852 2132 Rejiciunt
1885 2064 1947 2112 et

203 2138 266 2199 in
313 2137 626 2220 ulgentias‚
662 2136 764 2218 qui
811 2148 949 2197 sunt
996 2135 1463 2197 condonationes
1506 2136 1948 2197 commentitia-

202 2242 340 2283 rum
368 2219 861 2282 satisfactionum.

286 2302 604 2365 Damnant
631 2313 691 2363 et
720 2301 1167 2385 Anabaptistas,
1188 2300 1292 2381 qui
1323 2311 1547 2382 negant
1568 2301 1754 2361 semel
1767 2300 1945 2380 justi·

203 2387 414 2448 fleatos
470 2385 690 2446 iterum
740 2406 915 2467 posse
964 2384 1238 2445 amittere
1288 2383 1579 2465 Spiritum
1633 2383 1946 2444 Sanctum.

202 2468 521 2532 Damnant
556 2478 619 2529 et
659 2466 811 2539 illos,
840 2467 945 2548 qui
984 2465 1360 2529 contendunt
1388 2465 1686 2546 aliquibus
1714 2477 1944 2527 tantam

203 2550 631 2636 perfectionem
675 2550 736 2611 in
777 2549 891 2611 hac
928 2549 1051 2611 vita
1092 2548 1457 2630 contingere,
1484 2559 1553 2609 ut
1586 2571 1662 2610 ne
1701 2548 1946 2630 quidem

206 2633 439 2718 possint
466 2633 681 2695 iterum
713 2654 976 2716 peccare.

999 2775 1154 2837 XII.

210 2855 365 2937 DE
400 2874 771 2937 confessione
921 2887 1190 2937 catorum
1234 2875 1471 2948 docent,
1509 2872 1671 2955 quod
1716 2874 1952 2934 absolu-

211 2957 301 3020 tio
409 2957 564 3020 'vata
599 2958 663 3019 in
700 2898 964 3020 eccfeiiis
1006 2958 1315 3019 retinenda
1358 2957 1454 3032 sit,
1481 2977 1849 3037 quamquam
1887 2956 1950 3016 in

212 3061 327 3102 con
352 3039 588 3102 essione
623 3062 745 3101 non
784 3041 863 3113 sit
898 3042 1228 3102 necessaria
1255 3040 1609 3101 delictorum
1640 3060 1953 3099 enumera-

210 3122 315 3184 tio.
397 3121 515 3184 Est
541 3123 702 3184 enim
732 3123 1119 3206 impossibilis
1146 3122 1517 3185 enumeratio
1545 3122 1821 3182 omnium
1850 3121 1952 3182 de-

214 3205 513 3278 lictorum,
530 3205 708 3284 juxta
736 3205 903 3277 illud,
933 3205 1188 3268 Delicta
1216 3207 1352 3289 quis
1379 3204 1723 3287 intelligit?

994 3348 1182 3410 XIII.

215 3429 367 3512 DE
408 3472 520 3511 usu
563 3462 1070 3511 sacramentorum
1115 3449 1354 3524 docent,
1381 3460 1751 3512 sacramenta
1791 3449 1958 3511 insti-

214 3545 349 3596 tuta
387 3555 535 3606 esse,
577 3555 696 3593 non
741 3531 924 3594 modo
965 3543 1035 3593 ut
1075 3532 1196 3593 sint
1237 3544 1394 3594 notae
1434 3530 1818 3616 professionis
1865 3531 1958 3593 in-

216 3627 310 3679 ter
335 3616 630 3687 homiues,
659 3615 763 3677 sed
795 3615 987 3676 multo
1015 3615 1228 3698 magis,
1255 3626 1324 3677 ut
1352 3616 1474 3677 sint
1502 3616 1671 3698 signa
1700 3627 1761 3676 et
1788 3615 1958 3676 testi·
2007 3688 2015 3692 -

1671 3775 1704 3789 l
