2418 4172
442 374 549 429 186
1034 375 1523 430 CONFESSIO

441 527 580 591 stat,
624 516 867 599 quando
915 528 1021 580 aut
1067 540 1190 600 quo
1237 528 1443 580 autore
1495 529 1762 579 mutatus
1808 517 1905 594 sit,
1945 517 2187 579 tametsi

439 599 756 662 cardinalis
806 599 1083 662 Cusanus
1129 601 1356 676 recitet,
1383 600 1625 683 quando
1674 601 1752 663 sit
1800 601 2185 683 approbatus.

439 682 783 767 Cyprianus
822 683 898 744 ali
948 694 1053 744 uot
1090 682 1235 746 locis
1272 695 1542 754 testatur,
1574 683 1797 768 populo
1826 681 2184 765 sanguinem

437 763 646 827 datum
693 788 841 827 esse.
903 706 1100 828 them
1151 778 1404 828 testatur
1454 766 1889 848 Hieronymus,
1930 764 2036 846 qui
2083 764 2188 841 ait,

438 847 774 910 sacerdotes
838 849 1211 910 eucharistiae
1278 849 1640 923 ministrant,
1696 861 1759 909 et
1823 846 2184 929 sanguinem

437 929 667 992 Christi
700 931 943 1015 populis
979 931 1273 992 dividunt.
1360 931 1497 992 Irno
1526 932 1803 992 Gelasius
1831 953 1990 1014 papa
2016 950 2189 990 man-

435 1012 559 1088 dat,
587 1035 664 1074 ne
705 1012 1008 1074 dividatur
1049 1026 1511 1086 sacramentum,
1537 1013 1699 1075 Dist.
1733 1014 1820 1075 11.
1855 1013 1931 1074 de
1974 1034 2188 1076 conse-

434 1095 718 1171 cratione,
773 1117 902 1178 cap.
953 1095 1108 1155 Com
1192 1096 1398 1156 rimus.
1481 1095 1750 1157 Tantum
1810 1093 2187 1157 consuetudo

435 1200 555 1239 non
614 1178 697 1238 ita
752 1189 923 1237 vetus
966 1177 1084 1237 aliu
1174 1177 1375 1238 babet.
1460 1178 1718 1240 Constat
1758 1190 1982 1253 autem,
2018 1176 2184 1260 quod

433 1259 828 1332 consuetud0‚
858 1271 1066 1320 contra
1097 1259 1383 1320 mandata
1409 1259 1531 1319 Dei
1560 1259 1920 1335 introducta,
1947 1283 2072 1322 non
2105 1260 2189 1323 sit

433 1342 760 1426 probanda,
782 1353 854 1403 ut
881 1352 1176 1403 testantur
1203 1363 1482 1416 canones,
1502 1341 1665 1402 Dist.
1687 1342 1868 1403 VIII.
1897 1364 1969 1404 ca
2015 1387 2032 1403 .
2058 1342 2186 1404 Ve-

432 1425 627 1499 ritate,
656 1446 795 1486 cum
829 1424 1237 1505 sequentibus.
1311 1423 1467 1486 Haec
1494 1445 1634 1485 vero
1663 1436 1955 1487 consuetu
1998 1447 2038 1484 o
2058 1445 2185 1488 non

432 1508 627 1568 solum
671 1518 881 1568 contra
923 1507 1048 1568 Scri
1099 1517 1316 1581 turam,
1345 1507 1448 1568 sed
1487 1507 1668 1568 etiam
1711 1518 1920 1569 contra
1954 1518 2185 1570 veteres

431 1612 691 1652 canones
733 1602 796 1651 et
837 1529 1188 1673 exempium
1222 1589 1487 1651 ecclesiae
1518 1601 1757 1673 recepta
1784 1603 1894 1652 est.
1980 1590 2186 1660 Quare

432 1674 480 1734 si
511 1673 615 1754 qui
647 1674 992 1733 maluerunt
1021 1683 1152 1733 utra
1196 1695 1274 1732 ue
1302 1673 1501 1754 specie
1530 1674 1883 1735 sacramenti
1918 1673 2030 1748 uti,
2055 1694 2184 1736 non

429 1755 675 1817 fuerunt
714 1754 990 1838 cogendi,
1032 1766 1101 1816 ut
1143 1777 1178 1816 a
1204 1755 1316 1816 iter
1355 1755 1620 1817 facerent
1664 1777 1805 1817 cum
1856 1755 2185 1818 offensione

430 1838 830 1901 conscientiae.
1174 1912 1179 1919 .
2120 1840 2131 1852 “

514 1920 599 1982 Et
628 1922 771 2003 quia
799 1920 1013 1982 divisio
1044 1922 1402 1984 sacramenti
1432 1943 1555 1983 non
1584 1921 1872 1983 convenit
1908 1942 2050 1983 cum
2090 1921 2183 1983 in-

432 2004 746 2066 stitutione
788 2003 1035 2079 Christi,
1069 2006 1222 2065 solet
1262 2004 1422 2087 apud
1466 2026 1576 2065 nos
1618 2004 1818 2064 omitti
1860 2003 2184 2087 processio,

430 2109 565 2169 quoe
596 2087 886 2150 hactenus
914 2086 1044 2147 fieri
1076 2087 1252 2149 solita
1278 2098 1389 2149 est.

805 2233 891 2295 11.
921 2233 1029 2295 De
1063 2232 1365 2318 Conjugio
1396 2232 1810 2296 Sacer-dotum.

429 2315 833 2396 PUBLICA
878 2337 1121 2415 querela
1164 2336 1284 2397 fuit
1323 2336 1400 2397 de
1442 2336 1737 2419 exemplis
1780 2334 2183 2412 sacerdotum,

426 2418 529 2499 qui
582 2440 708 2479 non
758 2419 1171 2479 continebant.
1256 2419 1463 2487 Quam
1509 2419 1591 2479 ob
1638 2439 1880 2480 causam
1931 2428 1994 2480 et
2030 2418 2178 2481 Pius

302 2558 337 2576 ‚-
397 2518 584 2582 epapa
625 2501 848 2561 dixisse
882 2500 1088 2575 fertur,
1107 2500 1292 2562 fuisse
1325 2501 1556 2582 aliquas
1590 2522 1819 2575 causas,
1839 2521 1948 2563 cur
1972 2499 2180 2563 adem-

426 2595 557 2643 tum
604 2582 683 2642 sit
720 2581 1128 2644 sacerdotibus
1162 2583 1533 2665 conjugium,
1563 2583 1666 2644 sed
1699 2584 1892 2645 multo
1921 2582 2178 2663 majores

424 2686 555 2725 esse
610 2686 839 2737 causas,
882 2687 990 2726 cur
1043 2664 1210 2726 reddi
1269 2666 1503 2727 debeat.
1587 2665 1690 2727 Sic
1745 2667 1909 2728 enim
1969 2665 2179 2729 scribit

425 2746 680 2808 Platina.
767 2747 928 2808 Cum
975 2747 1159 2830 igitur
1201 2748 1534 2810 sacerdotes
1578 2748 1738 2831 apud
1782 2771 1890 2810 nos
1931 2748 2179 2832 publica

424 2829 527 2891 illa
570 2828 848 2891 scandala
886 2830 1073 2891 vitare
1106 2831 1348 2906 vellent,
1376 2831 1680 2892 duxerunt
1708 2853 1946 2907 uxores,
1971 2853 2045 2894 ac
2069 2830 2180 2893 do-

425 2925 698 2987 cuerunt,
726 2911 889 2994 quod
929 2913 1105 2975 liceat
1141 2914 1285 2997 ipsis
1320 2913 1671 2975 contrahere
1700 2913 2175 2975 matrimonium.

426 2995 721 3071 Primum,
766 2994 910 3077 quia
964 2995 1186 3057 Paulus
1243 2996 1426 3058 dicit:
1496 2996 1921 3081 Unusquisque
1956 2996 2178 3059 habeat

423 3099 674 3140 uxorem
714 3098 890 3139 suam
920 3087 1178 3161 propter
1194 3077 1700 3163 fornicationem.
1785 3082 1984 3142 Item:
2035 3078 2179 3143 Μο-

427 3160 547 3223 lius
589 3169 679 3224 est
718 3161 962 3236 nubere,
1003 3183 1185 3245 quam
1227 3163 1348 3224 uri.
1420 3161 1717 3237 Secundo,
1759 3162 2041 3225 Christus
2084 3161 2178 3224 in-

426 3245 596 3326 quit:
645 3244 788 3306 Non
828 3266 1032 3307 omnes
1073 3246 1322 3328 capiunt
1360 3245 1604 3310 verbum
1642 3244 1791 3317 hoc,-
1838 3245 1941 3318 ubi
1978 3243 2175 3318 dooet,

428 3348 548 3387 non
605 3349 816 3388 omnes
864 3327 1141 3389 homines
1193 3328 1267 3390 ad
1318 3328 1671 3390 coelibatum
1724 3328 1971 3390 idoneos
2022 3347 2172 3397 use.

426 3409 567 3490 quia
585 3410 755 3471 Deus
778 3410 1000 3472 creavit
1022 3411 1335 3473 bominem
1357 3410 1433 3472 ad
1454 3407 2116 3495 procreationem,Geu.
2131 3406 2172 3469 i.

426 3489 562 3552 Nec
618 3504 710 3552 est
766 3493 1047 3556 humanae
1104 3494 1438 3578 potestatis,
1487 3497 1616 3556 sine
1671 3489 1953 3574 singulari
2008 3488 2172 3552 dono

427 3584 489 3632 et
529 3595 707 3656 opere
749 3575 867 3636 Dei
913 3577 1278 3639 creationem
1325 3587 1577 3638 mutare.
1662 3574 1860 3656 Igitur
1894 3571 2000 3656 qui
2046 3594 2171 3636 non

428 3667 570 3715 sunt
597 3654 794 3717 idonei
826 3656 900 3718 ad
930 3659 1306 3729 coelibatum,
1334 3657 1557 3720 debent
1585 3654 1934 3719 contrahere
1965 3655 2173 3719 matri-
