2418 4172
867 401 1277 456 BELGICA.
1836 399 1938 452 341

192 544 535 619 sentientes,
577 556 644 605 ut
686 546 788 626 qui
835 546 1022 627 probe
1067 543 1405 604 noverimus
1492 539 1573 611 ui,
1611 540 1938 620 qualesque

191 627 379 688 simus
429 649 645 689 revera.
732 627 1000 708 Ideoque
1048 626 1125 685 de
1176 625 1366 696 nobis,
1412 622 1470 682 ul
1501 621 1548 681 is
1595 642 1669 681 ue
1719 623 1934 682 nostris

191 710 420 772 meritis
462 710 611 770 nihii
655 710 981 790 quicquam
1026 706 1468 801 praesumimus,
1498 726 1524 764 s
1631 701 1756 762 sola
1782 702 1932 763 Jesu

189 790 415 853 Christi
446 793 717 853 crucifixi
746 790 1088 858 obedientia
1117 786 1360 857 suffuiti,
1382 787 1444 844 in
1473 807 1543 845 ea
1571 805 1811 867 prorsus
1841 807 1938 845 ac-

232 874 588 935 uiescimus:
632 884 820 952 utque
849 872 950 931 ina
978 881 1177 931 nostra
1208 871 1331 941 fiat,
1352 867 1412 926 in
1445 889 1585 927 eum
1616 866 1933 928 credimus,

258 977 346 1017 ωε
387 976 564 1037 porro
607 976 725 1015 una
769 951 1007 1013 abunde
1046 950 1285 1024 sufficit,
1314 963 1445 1011 tum
1478 949 1552 1010 ad
1583 971 1792 1009 omnes
1825 950 1934 1009 ini-

186 1037 447 1119 quitates
476 1048 705 1099 nostras
735 1034 1123 1117 obtegendas,
1146 1046 1276 1093 tum
1309 1033 1489 1093 etiam
1525 1031 1598 1092 ad
1630 1054 1737 1092 nos
1769 1044 1931 1092 tutos

187 1138 546 1200 securosque
590 1118 923 1180 reddendos
974 1117 1252 1178 adversus
1302 1137 1516 1175 omnes
1558 1115 1935 1175 tentationes,

187 1202 303 1264 lna
343 1202 566 1263 etenim
612 1202 819 1284 procul
858 1224 891 1260 a
925 1199 1288 1260 conscicntia
1319 1198 1507 1278 abigit
1536 1219 1779 1257 omnem
1813 1220 1938 1257 me-

186 1295 341 1359 tum,
361 1306 605 1346 omnem
640 1284 963 1356 horrorem,
984 1303 1229 1342 omnem
1253 1280 1512 1361 denique
1532 1279 1937 1353 formidinem,

188 1388 312 1448 quo
351 1367 597 1461 propius
640 1366 714 1426 ad
758 1366 963 1426 Deum
1007 1363 1381 1435 accedamuS,
1412 1384 1521 1423 nec
1560 1363 1738 1444 primi
1779 1363 1935 1422 illius

187 1460 374 1511 nostri
413 1449 677 1532 parentis
714 1448 1063 1530 exemplum
1112 1446 1437 1518 imitemur,
1467 1445 1569 1525 qui
1612 1467 1734 1528 prae
1770 1461 1936 1505 metu

187 1530 425 1614 fugiens
453 1532 726 1592 ficulneis
756 1553 884 1591 sese
912 1530 1067 1590 foliis
1096 1529 1377 1609 obtegere
1410 1540 1472 1587 et
1508 1529 1809 1589 occultare
1837 1550 1938 1587 co·

189 1626 365 1675 natus
416 1626 524 1674 est.
610 1613 695 1673 Et
739 1635 882 1673 sane
929 1612 976 1671 si
1027 1611 1204 1671 nobis
1259 1611 1424 1692 ipsiS,
1471 1624 1575 1669 aut
1617 1611 1720 1670 uni
1767 1610 1934 1670 alteri

188 1707 471 1757 creature
512 1696 605 1755 vel
648 1695 950 1756 tantillum
993 1693 1252 1752 nitentes
1291 1713 1492 1752 coram
1523 1691 1665 1751 Deo
1693 1714 1801 1751 nos
1831 1692 1939 1751 sis-

187 1789 312 1839 teoe
358 1788 699 1860 oporteret;
750 1789 979 1836 certum
1031 1787 1122 1834 est
1170 1794 1280 1832 nos
1329 1774 1531 1832 statim
1581 1774 1933 1854 absorptum

187 1859 279 1921 iii.
362 1859 598 1921 Idcirco
639 1881 778 1920 cum
821 1856 1060 1918 Davide
1099 1855 1274 1915 nobis
1317 1854 1566 1937 singulis
1604 1856 1806 1937 potius
1843 1869 1936 1915 est

185 1941 671 2013 exclamandum,
700 1942 982 2014 Domine,
1008 1960 1085 1999 ne
1124 1938 1318 1999 intres
1357 1940 1424 1998 in
1446 1937 1759 2021 judicium
1799 1961 1933 1999 cum

186 2046 362 2087 servo
402 2033 528 2099 tuo,
556 2025 702 2107 quia
741 2045 862 2084 non
881 2018 1342 2104 justificabitur
1378 2021 1444 2081 in
1483 2030 1799 2101 conspectu
1832 2030 1936 2082 tuo

187 2106 355 2169 alhs
379 2108 598 2169 vivens.

265 2189 514 2251 XXIV.
543 2188 862 2250 Credimus
891 2210 1089 2250 veram
1123 2188 1280 2249 hanc
1308 2186 1492 2247 fidem
1524 2210 1630 2268 per
1658 2187 1933 2247 auditum

189 2273 352 2334 verbi
381 2272 524 2346 Dei,
550 2283 612 2334 et
640 2272 898 2353 Spiritus
926 2273 1130 2333 Sancti
1161 2270 1568 2354 operationem
1610 2269 1936 2350 unicuique

190 2366 463 2416 nostrum
493 2354 746 2416 inditam
775 2377 887 2415 nos
915 2375 1280 2437 regenerare,
1309 2365 1490 2432 atque
1524 2351 1710 2412 veluti
1749 2372 1935 2412 novos

191 2437 467 2500 homines
494 2437 746 2510 efficere,
768 2449 838 2498 ut
865 2459 1016 2518 quos
1045 2436 1119 2497 ad
1150 2457 1367 2495 novam
1395 2436 1584 2495 vitam
1612 2433 1929 2494 vivendam

187 2520 429 2593 excitet,
456 2532 519 2581 et
560 2542 596 2580 a
636 2520 867 2613 peccati
904 2520 1187 2580 servitute
1222 2518 1439 2578 liberos
1467 2515 1692 2577 reddat.
1776 2516 1937 2576 Tan-

189 2616 321 2663 tum
365 2603 534 2663 abest
572 2602 756 2684 igitur
791 2614 862 2663 ut
899 2601 1047 2662 fides
1078 2602 1206 2662 hoec
1223 2599 1564 2680 justificans
1595 2600 1870 2659 homines
1900 2621 1934 2658 a

190 2698 351 2746 recta
406 2696 731 2765 sanctaque
784 2685 1021 2745 vivendi
1052 2684 1307 2744 .ratione
1366 2694 1593 2755 avocet,
1632 2695 1736 2741 aut
1786 2682 1937 2762 tepi-

191 2765 386 2827 diores
427 2767 666 2840 efficiat,
693 2783 764 2828 ut
804 2779 1011 2828 contra
1051 2768 1277 2847 absque
1312 2765 1412 2826 illa
1442 2786 1624 2824 nemo
1659 2785 1932 2843 unquam

192 2848 517 2929 quicquam
559 2849 698 2909 boni
733 2862 975 2932 propter
999 2849 1205 2910 Deum
1239 2847 1370 2925 (sed
1401 2846 1606 2907 omnia
1633 2847 1726 2905 vel
1754 2867 1938 2939 prop-

192 2944 283 2991 ter
322 2930 610 3013 seipsum,
638 2932 731 2991 vel
773 2934 855 2992 ob
898 2945 1128 2992 metum
1161 2931 1345 3011 justae
1387 2928 1933 3003 condemnationis)

193 3034 368 3095 agere
408 3026 588 3095 atque
624 3015 852 3096 operari
882 3015 1087 3096 possit.
1172 3013 1326 3074 Fieri
1357 3012 1560 3091 itaque
1589 3033 1706 3070 non
1739 3022 1938 3091 potest

194 3108 262 3156 ut
304 3095 435 3156 haec
475 3094 624 3155 fides
667 3091 870 3157 sancta
914 3097 973 3156 in
1019 3096 1264 3156 homine
1303 3094 1493 3155 otiosa
1531 3094 1626 3153 sit.
1716 3093 1939 3174 Neque

193 3177 355 3239 enim
401 3178 704 3258 loquimur
743 3179 820 3239 de
862 3178 982 3239 fide
1021 3199 1191 3249 vana,
1219 3190 1400 3257 atque
1444 3188 1698 3248 mortua,
1727 3174 1829 3235 sed
1859 3174 1938 3236 de

88 3266 107 3273 ²
194 3283 265 3321 ea
305 3271 541 3321 tantum
585 3282 720 3340 quoe
764 3262 824 3321 in
868 3263 979 3322 scri
1026 3272 1158 3321 tura
1195 3259 1417 3320 dicitur
1443 3280 1550 3341 per
1577 3257 1930 3318 charitatem

192 3343 456 3426 operari:
503 3363 757 3423 quaeque
800 3343 985 3425 impel
1011 3342 1059 3402 it
1104 3341 1412 3402 hominem
1455 3357 1522 3400 ut
1560 3340 1619 3399 in
1661 3339 1777 3400 inis
1807 3362 1937 3401 sese

194 3426 473 3508 operibus
501 3438 793 3497 exerceat,
822 3446 955 3505 quae
982 3424 1153 3485 Deus
1184 3424 1311 3504 ipse
1340 3424 1401 3482 in
1431 3423 1614 3482 verbo
1646 3443 1756 3483 suo
1788 3444 1939 3504 proe-

194 3508 371 3591 cepit.
459 3506 614 3568 Haec
655 3529 794 3567 vero
829 3529 1010 3590 opera
1039 3530 1074 3567 a
1095 3506 1332 3566 sincera
1360 3503 1500 3564 fidei
1534 3505 1711 3584 hujus
1738 3505 1936 3567 radice

195 3590 553 3662 emanantia,
596 3589 730 3651 ideo
775 3589 1022 3652 demum
1077 3591 1233 3649 bona
1276 3599 1340 3648 ct
1378 3586 1516 3647 Deo
1564 3599 1732 3669 grata
1774 3601 1935 3661 sunt,

196 3671 338 3753 quia
363 3694 471 3756 per
498 3672 657 3733 illius
687 3673 938 3756 gratiam
970 3672 1451 3733 sanctificantur:
1494 3669 1569 3731 ad
1598 3692 1708 3748 nos
1729 3682 1931 3740 autem
2011 3686 2020 3690 ·

1019 3774 1055 3815 z
1082 3765 1119 3815 3
1647 3770 1682 3785 '
