2418 4172
882 386 1293 440 BELGICA.
1843 382 1942 435 831

204 529 408 604 tanda,
455 550 640 610 quam
691 538 853 589 certo
899 527 1133 608 judicio
1181 524 1485 610 seligenda
1533 537 1706 586 sunt:
1794 525 1950 587 ualia

207 614 337 676 baec
381 624 542 685 sunt,
579 612 884 673 Geneseos
916 612 952 674 i.
995 611 1143 673 dicit
1183 611 1373 684 Deus,
1402 608 1726 670 Faciamus
1900 609 1949 668 i-

203 718 342 758 nem
379 695 464 756 ad
498 696 826 778 imaginem
857 703 917 755 et
943 692 1403 754 similitudinem
1430 699 1716 753 nostram.
1806 689 1951 750 Ma-

203 800 355 852 rem,
383 780 651 862 inquam,
682 786 740 838 et
744 774 1082 860 soeminam
1116 775 1347 836 creavit
1384 795 1501 834 em.
1589 772 1769 843 Item,
1791 772 1951 833 Ecce

203 861 416 924 Adam
450 869 743 942 tanquam
786 879 944 918 unus
978 865 1254 918 nostrum
1271 853 1501 939 sactus
1542 863 1650 929 est,
1681 855 1836 915 Gen.
1868 855 1951 916 iii.

202 944 304 1008 Ex
330 965 405 1005 eo
430 942 597 1003 enim
629 939 792 1022 quod
822 939 1059 1014 dicitur,
1083 939 1410 1000 Faciamus
1438 938 1732 999 hominem
1762 938 1847 999 ad
1869 938 1950 998 si-

203 1025 610 1088 militudinem
642 1031 934 1096 nostram,
973 1033 1220 1105 apparet
1261 1022 1461 1104 plures
1506 1043 1633 1082 esse
1664 1021 1951 1081 Personas

202 1109 269 1171 in
300 1108 564 1170 Deitate.
637 1107 846 1176 Quum
878 1117 1076 1166 autem
1110 1104 1346 1179 dicitur,
1367 1103 1546 1165 Deus
1574 1104 1822 1178 creavit,
1843 1105 1952 1164 διο.

205 1190 504 1254 indicatur
544 1190 742 1251 unitas
784 1188 1158 1250 Divinitatis.
1242 1188 1379 1249 Etsi
1431 1198 1632 1248 autem
1686 1187 1786 1248 hic
1831 1208 1950 1247 non

206 1273 563 1358 exprimitur
583 1283 734 1353 quot
761 1272 882 1332 sint
910 1272 1203 1345 Personae,
1230 1281 1435 1331 tamen
1465 1269 1628 1350 quod
1657 1267 1717 1330 in
1747 1268 1952 1331 Veteri

205 1356 598 1419 Testamento
634 1356 888 1415 obscure
916 1354 1203 1415 traditum
1244 1364 1353 1425 est,
1381 1351 1442 1413 id
1478 1355 1540 1413 in
1570 1351 1752 1413 Novo
1780 1351 1952 1413 nobis

205 1440 342 1502 luce
368 1438 584 1500 clarius
611 1437 949 1532 exponitur.
1035 1437 1244 1505 Quum
1288 1435 1451 1497 enim
1480 1435 1785 1496 Dominus
1814 1456 1954 1496 nos-

205 1533 299 1584 ter
337 1521 521 1584 Jesus
549 1520 829 1581 Christus
876 1518 936 1579 in
983 1518 1251 1580 ,Iordane
1300 1518 1720 1601 baptizaretur,
1763 1517 1950 1579 Matt.

205 1604 290 1667 iii.
323 1602 420 1666 16.
462 1603 652 1664 Patris
696 1623 816 1662 vox
857 1600 1061 1662 audita
1108 1612 1199 1662 est
1248 1599 1523 1671 dicentis,
1558 1600 1689 1661 Hic
1730 1609 1820 1661 est
1853 1598 1956 1660 Fi-

209 1686 526 1748 &amens
553 1683 848 1744 dilectus.-
892 1683 977 1744 Et
1014 1682 1204 1743 Filius
1256 1682 1384 1764 ipse
1429 1682 1492 1742 in
1535 1682 1707 1762 aquis
1749 1695 1841 1743 est
1868 1682 1957 1743 vi-

205 1789 343 1830 sus:
385 1765 647 1849 Spiritus
674 1787 816 1826 vero
843 1764 1100 1824 Sanctus
1129 1764 1243 1823 sub
1271 1764 1471 1845 specie
1509 1763 1812 1825 columbae
1852 1785 1957 1846 ap-

202 1848 422 1935 paruit.
502 1847 653 1909 Ideo
680 1859 743 1908 et
771 1846 832 1907 in
861 1846 1170 1908 communi
1201 1848 1477 1907 omnium
1508 1844 1779 1908 fidelium
1812 1848 1958 1930 bap-

204 1933 390 1995 tismo
419 1932 534 1993 hac
559 1930 821 1992 formula
848 1930 938 1991 uti
965 1929 1370 2013 praecipimur,
1391 1929 1728 2011 Baptizate
1754 1951 1958 1992 omnes

253 2023 419 2078 entes
447 2015 511 2075 in
549 2014 788 2074 nomine
815 2012 1035 2074 Patris
1063 2022 1124 2074 et
1150 2012 1304 2073 Filii
1330 2021 1391 2074 et
1421 2013 1695 2094 Spiritus
1724 2013 1956 2088 Sancti,

201 2038 393 2161 §iam
414 2096 622 2158 xxviii.
648 2109 742 2172 19.
803 2096 905 2157 Sic
933 2096 1116 2156 etiam
1146 2095 1306 2179 apud
1335 2096 1592 2170 Lucam,
1619 2097 1772 2158 Luc.
1794 2098 1832 2158 i.
1854 2109 1956 2160 35.

209 2179 456 2243 Gabriel
604 2179 732 2239 elus
763 2178 1046 2253 Mariam,
1065 2178 1322 2239 Domini
1352 2179 1538 2239 nostri
1569 2191 1845 2253 matrem,
1874 2180 1957 2240 ai-

209 2201 828 2344 loquituringpiritus
848 2260 1114 2322 Sanctus
1138 2262 1520 2342 superveniet
1546 2262 1610 2323 in
1638 2270 1716 2336 te,
1747 2271 1806 2324 et
1832 2263 1958 2325 vir-

209 2355 311 2408 tus
334 2345 648 2407 Alci-ssimi
673 2344 1044 2405 inumbrabit
1084 2352 1163 2419 te,
1181 2353 1516 2426 propterea
1543 2345 1611 2405 id
1635 2346 1799 2427 quod
1820 2367 1960 2407 nas-

207 2437 381 2492 cetur
424 2449 499 2489 ex
538 2436 600 2488 te
639 2435 920 2488 sanctum
961 2427 1276 2488 vocabitur
1310 2427 1510 2488 Filius
1544 2427 1689 2488 Dei.
1776 2428 1956 2499 Item,

216 2511 451 2575 Gratia
472 2509 730 2571 Domini
756 2511 954 2571 nostri
977 2510 1137 2571 Jesu
1166 2510 1403 2571 Christi
1429 2518 1490 2571 et
1519 2510 1789 2571 charitas
1810 2511 1959 2585 Dei,

209 2603 271 2656 et
298 2594 757 2656 communicatio
776 2592 1048 2674 Spiritus
1066 2591 1300 2666 Sancti,
1315 2594 1399 2653 sit
1426 2591 1748 2667 vobiscum,
1767 2606 1802 2657 2
1818 2593 1957 2655 Cor.

205 2676 332 2739 xiii.
356 2689 452 2738 14.
539 2677 719 2750 Item,
755 2677 908 2737 Tres
946 2684 1092 2737 sunt
1207 2677 1230 2736 i
1265 2673 1676 2758 testificantur
1702 2677 1768 2738 in
1798 2676 1957 2750 coeIO,

210 2758 427 2833 Pater,
453 2758 683 2835 Sermo,
724 2767 785 2820 et
816 2759 1087 2840 Spiritus
1165 2767 1399 2831 anctus,
1443 2760 1551 2842 qui
1597 2767 1721 2820 tres
1768 2781 1958 2820 unum

209 2849 375 2916 sunt,
410 2853 436 2902 1
470 2842 652 2903 Joan.
679 2862 735 2900 v.
767 2852 826 2918 7.
912 2843 1151 2911 Quibus
1194 2842 1479 2903 omnibus
1523 2842 1668 2902 locis
1712 2842 1960 2923 amplis-

210 2923 365 2984 sime
413 2922 722 2997 docemur,
769 2924 831 2984 in
882 2924 1063 2985 unico
1112 2925 1252 2986 Deo
1301 2936 1419 2985 tres
1469 2946 1597 2984 esse
1646 2924 1955 2984 Personas.

211 3005 347 3067 Etsi
391 3018 595 3067 autem
643 3005 774 3067 baec
817 3005 1090 3068 doctrina
1138 3029 1382 3068 omnem
1434 3006 1682 3068 humani
1730 3006 1953 3088 ingenii

210 3099 459 3172 captum
507 3098 784 3171 superetz
812 3088 992 3150 illam
1038 3101 1242 3151 tamen
1287 3111 1451 3150 nunc
1493 3110 1569 3150 ex
1615 3087 1735 3149 Dei
1775 3089 1957 3149 verbo

213 3171 469 3232 firmiter
494 3170 813 3245 credimus,
841 3182 1227 3255 expectantes
1255 3172 1448 3233 donec
1486 3171 1548 3231 in
1585 3172 1742 3232 coelo
1778 3171 1958 3254 plena

212 3254 375 3315 illius
402 3253 748 3335 cognitione
785 3253 1070 3316 fruamur.
1156 3254 1443 3316 Notanda
1471 3265 1612 3314 sunt
1639 3254 1820 3317 etiam
1852 3253 1959 3315 ha-

213 3358 349 3397 rum
393 3335 576 3397 trium
611 3336 1000 3398 Personarum
1041 3336 1255 3411 officia,
1283 3350 1344 3398 et
1386 3337 1610 3409 effecta,
1641 3358 1774 3417 quoe
1816 3358 1959 3419 erga

213 3441 324 3480 nos
361 3418 581 3501 singuli
621 3430 892 3479 exerunt.
978 3419 1153 3479 Pater
1180 3419 1342 3479 enim
1374 3419 1622 3479 Creator
1650 3429 1851 3479 noster
1876 3419 1958 3480 ob

210 3501 497 3563 virtutem
529 3501 752 3583 ipsius;
800 3500 990 3562 Filius
1019 3523 1159 3562 vero
1188 3501 1459 3562 Salvator
1487 3523 1556 3563 ac
1585 3500 1961 3585 Redemptor

214 3595 416 3645 noster
442 3595 708 3658 vocatur,
745 3582 907 3664 quod
957 3583 1248 3667 sanguine
1297 3605 1406 3645 suo
1454 3605 1564 3646 nos
1607 3583 1958 3655 redemerit3

213 3664 476 3748 Spiritus
503 3667 758 3728 Sanctus
787 3667 1206 3729 Sanctificator
1247 3678 1467 3741 noster,
1509 3666 1670 3751 quoti
1722 3666 1783 3728 in
1830 3688 1961 3752 cor·
2021 3683 2029 3688 ⁴

1658 3770 1692 3784 l
