2418 4172
0 2863 27 2939 ’Ξ

18 3003 27 3015 .

802 359 1346 412 HELVETICA.
1481 346 1487 350 ’
1877 349 1946 418 Ἰἑς

202 504 341 575 tica,
369 503 461 565 vel
505 503 652 563 ritus
693 501 902 572 sancti,
932 512 1035 561 aut
1076 522 1254 562 sacrae
1294 500 1558 561 actiones
1589 523 1622 560 a
1650 501 1788 561 Deo
1816 504 1947 585 ipso

202 586 511 656 institutae‚
541 595 880 646 constantes
909 583 1091 643 verbo
1133 605 1243 644 suo
1285 582 1472 663 signis
1510 594 1571 643 et
1612 584 1787 643 rebus
1827 586 1949 667 sig-

203 668 483 738 nificatis,
565 668 744 730 uibus
787 667 847 726 in
900 665 1150 726 ecclesia
1202 687 1440 726 summa
1487 687 1593 725 sua
1640 666 1950 740 beneficia,

203 750 438 813 homini
469 772 541 811 ex
592 750 758 820 ibim,
787 748 1004 809 retinet
1045 749 1106 809 in
1150 747 1458 818 memoria,
1488 760 1549 808 et
1578 747 1834 808 subinde
1862 771 1952 809 re-

204 846 404 904 novat,
446 833 667 914 quibus
709 831 854 892 item
901 831 1326 912 promissiones
1371 852 1507 890 suas
1551 831 1848 912 obsignat,
1891 846 1952 892 et

204 937 341 999 quoe
377 916 507 999 ipse
545 915 718 975 nobis
756 914 1005 974 interius
1049 925 1309 996 proestat‚
1340 913 1602 973 exterius
1634 936 1955 996 repraesen-

203 1011 312 1074 tat,
339 1020 411 1060 ac
439 998 621 1059 veluti
666 997 855 1057 oculis
894 995 1362 1089 contemplanda
1392 995 1655 1075 subjicit,
1684 996 1953 1077 adeoque

204 1080 388 1143 fldem
419 1092 706 1150 nostram,
736 1079 965 1162 Spiritu
995 1079 1113 1140 Dei
1146 1101 1206 1139 in
1247 1078 1525 1139 cordibus
1566 1079 1782 1138 nostris
1811 1101 1954 1162 ope-

203 1176 392 1238 rante,
419 1164 658 1223 roborat
686 1175 749 1222 et
778 1175 994 1243 auget:
1040 1162 1260 1243 quibus
1289 1161 1551 1242 denique
1581 1184 1689 1221 nos
1719 1163 1794 1222 ab
1824 1184 1956 1222 om-

205 1246 385 1308 nibus
427 1246 558 1307 aliis
602 1245 840 1328 populis
883 1257 944 1305 et
987 1245 1376 1326 religionibus
1423 1255 1674 1327 separat,
1718 1244 1955 1325 sibique

206 1329 316 1390 soli
359 1341 667 1390 consecrat
711 1339 772 1387 et
816 1328 1063 1409 obligat,
1093 1340 1154 1388 et
1196 1326 1343 1407 quid
1388 1349 1421 1386 a
1461 1327 1634 1387 nobis
1673 1327 1954 1408 requirat,

206 1412 523 1495 significat.

290 1494 375 1556 Et
412 1505 553 1554 sunt
591 1491 837 1573 quidem
879 1492 992 1552 alia
1022 1493 1256 1565 veteris,
1285 1492 1400 1552 alia
1440 1493 1576 1552 novi
1620 1491 1826 1575 populi
1864 1514 1958 1552 sa-

205 1587 528 1638 cramenta.
614 1574 848 1635 Veteris
879 1574 1087 1656 populi
1126 1586 1496 1635 sacramenta
1533 1575 1796 1644 fuerunt,
1825 1574 1958 1634 Cir-

205 1658 515 1727 cumcisio,
545 1668 607 1716 et
628 1657 838 1738 Agnus
860 1656 1165 1715 Paschalis
1194 1656 1299 1736 qui
1331 1656 1791 1715 immolabatur:
1834 1676 1958 1735 quo

205 1740 453 1803 nomine
491 1738 566 1799 ad
606 1737 897 1799 sacrificia
925 1738 1195 1810 refertur,
1224 1759 1359 1818 quae
1389 1737 1631 1797 fuerunt
1660 1737 1959 1801 celebrata

205 1824 284 1884 ab
325 1822 557 1906 origine
608 1820 838 1881 mundi.
923 1820 1086 1880 Novi
1132 1820 1341 1902 populi
1387 1830 1759 1879 sacramenta
1800 1831 1959 1893 sunt,

206 1905 561 1989 Baptismus
583 1916 645 1965 et
665 1903 861 1964 Coena
878 1903 1220 1963 Dominica.
1264 1903 1422 1962 Sunt
1450 1902 1553 1982 qui
1586 1914 1959 1963 sacramenta

208 1988 346 2051 novi
377 1988 586 2071 populi
618 1998 847 2068 septem
881 1997 1216 2046 numerent.
1302 1985 1399 2045 Ex
1430 1986 1651 2065 quibus
1686 2007 1795 2045 nos
1825 2007 1959 2078 poe-

210 2071 548 2140 nitentiam,
584 2069 1022 2129 ordinationem
1068 2068 1500 2141 ministrorum,
1546 2090 1670 2127 non
1713 2069 1962 2150 papisti-

209 2176 344 2215 cam
402 2152 650 2235 quidem
701 2151 890 2221 iilam,
934 2150 1034 2211 sed
1090 2151 1500 2233 apostolicam,
1539 2161 1600 2210 et
1651 2150 1962 2211 matrimo-

208 2237 402 2307 nium,
429 2234 812 2318 agnoscimus
856 2233 1131 2293 instituta
1169 2255 1296 2294 esse
1335 2233 1455 2293 Dei
1486 2232 1675 2307 utilia,
1704 2233 1807 2293 sed
1838 2255 1960 2293 non

210 2328 597 2381 sacramenta.
663 2315 1064 2376 Confirmatio
1093 2327 1153 2375 et
1182 2328 1454 2376 extrema
1483 2315 1690 2377 unctio
1718 2316 1962 2377 inventa

208 2412 350 2463 sunt
374 2399 714 2472 hominum,
737 2397 958 2479 quibus
982 2398 1148 2458 nullo
1170 2419 1310 2458 cum
1339 2397 1565 2458 damno
1594 2420 1792 2459 carere
1822 2409 1960 2481 pot-

207 2495 300 2546 est
354 2483 621 2544 ecclesia.
714 2481 936 2562 Neque
993 2480 1097 2541 illa
1145 2503 1254 2541 nos
1304 2481 1366 2540 in
1419 2481 1636 2541 nostris
1693 2480 1960 2541 ecclesiis

209 2567 522 2629 habemus.
604 2565 772 2625 Nam
808 2564 1036 2625 habent
1074 2564 1176 2624 ina
1214 2562 1512 2645 quaedam,
1542 2586 1677 2645 quae
1707 2563 1962 2624 minime

164 2708 169 2712 ,
208 2651 461 2734 probare
498 2669 840 2733 possumus,
923 2646 1450 2708 Nundinationem
1480 2669 1747 2721 omnem,
1775 2668 1958 2727 quam

209 2744 491 2794 exercent
520 2731 935 2792 Romanenses
975 2730 1036 2790 in
1077 2730 1523 2813 dispensatione
1561 2740 1963 2790 sacramento-

209 2838 366 2890 rum,
392 2814 644 2876 omnino
672 2835 1040 2875 execramur.
1123 2813 1364 2873 Author
1393 2824 1594 2873 autem
1628 2834 1963 2872 sacramen-

210 2912 409 2960 torum
440 2897 716 2959 omnium
747 2918 869 2957 non
900 2908 990 2957 est
1021 2896 1208 2957 homo
1239 2896 1418 2970 ullus,
1448 2895 1550 2955 sed
1579 2895 1750 2955 Deus
1781 2893 1960 2953 solus.

212 2981 514 3043 Homines
544 2990 913 3041 sacramenta
941 2979 1254 3040 instituere
1284 3001 1404 3038 non
1437 2988 1706 3060 possunt.
1794 2975 1959 3036 Nam

211 3063 513 3147 pertinent
562 3063 665 3123 illa
706 3062 782 3123 ad
803 3063 1064 3123 *cultum
1116 3061 1257 3123 Dei.
1346 3060 1431 3121 At
1474 3060 1793 3120 hominum
1839 3081 1960 3118 non

213 3157 307 3207 est
344 3145 655 3207 instituere
693 3157 755 3206 et
793 3145 1048 3206 formare
1076 3145 1196 3207 Dei
1229 3144 1496 3205 cultum:
1540 3142 1643 3202 sed
1674 3139 1961 3202 traditum

215 3251 251 3290 a
278 3227 418 3289 Deo
448 3227 707 3320 recipere
736 3239 799 3287 et
826 3226 1143 3288 custodire.
1215 3227 1505 3287 Praeterea
1545 3225 1770 3284 habent
1800 3245 1827 3283 s
1935 3247 1965 3273 ·-

213 3311 354 3372 bola
394 3309 819 3393 promissiones
862 3308 1193 3388 adjunctas,
1230 3331 1364 3389 quae
1408 3307 1718 3388 requirunt
1760 3245 1963 3367 ἣᾶζῖι.

215 3392 396 3456 Fides
440 3405 641 3453 autem
687 3391 814 3451 solo
850 3390 970 3451 Dei
999 3392 1182 3451 verbo
1219 3390 1514 3451 innititur.
1600 3388 1684 3450 Et
1710 3389 1961 3450 verbum

215 3476 335 3539 Dei
380 3476 636 3537 habetur
679 3474 866 3534 instar
907 3473 1244 3533 tabularum
1278 3471 1372 3532 vel
1416 3472 1743 3546 literarum,
1772 3492 1964 3532 sacra-

218 3572 589 3622 mentavero
628 3558 814 3619 instar
841 3555 1212 3638 sigillorum:
1257 3576 1393 3636 quae
1433 3554 1619 3616 literis
1646 3554 1818 3616 Deus
1859 3576 1956 3638 ap-

218 3641 430 3726 pendit
472 3641 652 3703 solus.
740 3639 822 3700 Et
865 3649 930 3700 ut
975 3638 1144 3700 Deus
1192 3649 1700 3700 sacramentorum
1747 3637 1965 3698 author
2012 3686 2020 3690 .

1680 3776 1714 3787 l
