2418 4172
1020 569 1069 630 1.

130 713 656 798 CoNcleM
678 727 1321 792 TmDENTxNUM
1341 728 1592 803 censuit,
1608 750 1709 789 eos
1732 751 1881 810 quo„

130 828 573 894 cathedralibus
603 838 707 889 aut
735 826 864 888 aliis
895 823 1298 907 superioribus
1333 823 1599 885 ecclesiis
1638 826 1882 907 praefici,

129 926 228 991 vel
254 925 475 1009 quibus
504 946 707 987 earum
739 921 1154 1006 dignitatibus,
1182 921 1651 995 canonicatibus,
1672 932 1734 981 et
1756 921 1884 981 aliis

132 1021 595 1106 quibuscunque
637 1016 944 1080 beneficiis
995 1016 1235 1091 curatis,
1277 1016 1571 1098 provideri
1622 1018 1888 1098 contige-

130 1117 231 1196 rit,
268 1117 578 1203 publicam
622 1113 974 1176 orthodoxae
1018 1112 1154 1174 fidei
1202 1112 1631 1195 professionem
1675 1114 1887 1185 facere,
1964 1173 1972 1192 ¹

134 1236 319 1298 seque
348 1214 413 1275 in
442 1213 738 1275 Romanae
769 1210 1060 1272 Ecclesiae
1090 1209 1443 1284 obedientia,
1470 1233 1888 1293 permansuros

136 1309 430 1397 spondere
472 1322 535 1371 et
565 1309 769 1389 jurare
810 1307 1045 1368 debere.
1125 1307 1267 1367 Pius
1297 1307 1405 1367 IV.
1435 1307 1700 1369 decernit
1729 1308 1888 1369 idem

137 1405 576 1471 observandum
621 1427 727 1487 per
768 1424 1203 1486 quoscumque,
1231 1403 1449 1484 quibus
1487 1403 1562 1464 de
1592 1416 1892 1466 monaste-

137 1503 260 1580 riis,
286 1501 698 1575 conventibus,
724 1499 1026 1572 domibus,
1058 1511 1119 1559 et
1149 1498 1279 1560 aliis
1309 1499 1699 1581 Regularium
1744 1523 1894 1582 quo-

137 1619 518 1679 rumcunque
560 1595 836 1656 ordinum
883 1605 944 1654 et
980 1593 1361 1667 Militarium‚
1391 1595 1603 1675 quovis
1646 1597 1894 1658 nomine

139 1705 206 1759 et
241 1692 439 1769 titulo,
480 1689 775 1776 provideri
820 1688 1163 1763 occurrerit,
1206 1690 1319 1749 sub
1369 1689 1568 1772 poenis
1621 1690 1680 1749 in
1730 1690 1895 1753 dicto

141 1789 398 1860 concilio
445 1788 763 1863 contentis,
803 1787 1182 1868 formamque
1230 1786 1385 1846 hanc
1434 1786 1703 1866 ejusdem
1755 1787 1895 1849 fidei

142 1885 524 1973 professionis
534 1882 719 1966 jussit
740 1882 1174 1967 usurpandam3
1213 1893 1275 1942 et
1296 1881 1518 1943 abhinc
1539 1882 1702 1943 illam
1728 1906 1896 1944 usur-

141 1994 437 2069 paverunt
477 1981 750 2043 Concilia
790 1980 1102 2063 Burdigal.
1146 2002 1240 2040 an.
1292 1989 1467 2040 1583.
1518 1978 1744 2040 Turon.
1802 2004 1898 2043 an.

154 2090 334 2144 1583.
370 2078 643 2139 Narbon.
683 2100 779 2138 an.
830 2075 1245 2150 1551.‚Bitur.
1286 2097 1382 2135 an.
1426 2086 1601 2137 1584.
1632 2076 1896 2157 AquenS.
1996 2142 2003 2148 ,

148 2200 254 2241 an..
288 2186 468 2239 1585.
505 2174 788 2235 Tolosan.
826 2196 921 2234 an.
967 2185 1144 2249 1590.
1172 2172 1365 2233 Narb.
1396 2195 1490 2233 an.
1527 2173 1702 2249 1609.
1788 2176 1901 2235 At-

148 2295 268 2357 que
308 2270 519 2334 eadem
564 2269 931 2354 professione
975 2270 1063 2330 uti
1107 2280 1387 2330 tenentur
1423 2269 1791 2351 quicumque
1823 2272 1900 2331 ab

151 2367 361 2432 baeresi
405 2378 740 2429 remeantes
783 2365 857 2426 ad
902 2364 1084 2427 fidem
1131 2364 1417 2425 Ecclesiae
1447 2364 1778 2428 Catholicae
1813 2390 1902 2428 re-

147 2476 483 2528 vertuntur.

770 2586 1369 2628 --..,..--

157 2751 352 2816 Bulla
394 2751 457 2814 S.
476 2752 563 2814 N.
582 2751 669 2813 D.
692 2751 781 2812 D.
825 2751 952 2827 Pii,
998 2752 1235 2813 Divina
1277 2750 1674 2814 Providentia
1716 2754 1905 2836 Papa:

246 2850 496 2924 Qum-ti,
522 2846 936 2933 superforma
946 2849 1296 2933 juramenti
1314 2848 1709 2934 professionis
1710 2850 1898 2934 fidei.

241 2975 384 3037 Pius
416 2975 776 3059 Episcopus,
811 2996 1011 3035 servus
1056 2996 1356 3035 servorum
1401 2974 1543 3050 Dei,
1582 2975 1656 3037 ad
1697 3000 1909 3062 perpe-

161 3083 329 3134 tuam
358 3073 443 3134 rei
475 3071 849 3134 memoriam.

246 3159 598 3248 Injunctum
654 3168 828 3229 nobis
884 3168 1229 3250 apostolicae
1286 3168 1586 3228 servitutis
1644 3169 1907 3232 officium

163 3256 433 3345 requiritg
458 3273 527 3323 ut
567 3284 638 3323 ea
678 3284 813 3343 quae
846 3261 1154 3322 Dominus
1191 3261 1572 3342 omnipotens
1613 3259 1684 3319 ad
1714 3264 1912 3343 provi-

163 3354 303 3427 dam
350 3353 643 3415 Ecclesiae
686 3375 811 3414 suae
853 3353 1243 3414 directionem
1283 3353 1503 3413 sanctis
1532 3354 1822 3435 patribus,
1849 3356 1909 3416 in

36 3462 45 3536 ἰ
166 3451 413 3514 nomine
441 3473 552 3512 suo
580 3449 976 3531 congregatis,
1003 3448 1291 3511 divinitus
1322 3448 1606 3532 inspirare
1633 3449 1912 3534 dignatus

168 3557 280 3623 est,
307 3545 382 3619 ad
424 3546 553 3626 ejus
595 3544 833 3607 laudem
874 3555 937 3606 et
972 3544 1223 3627 gloriam
1254 3545 1672 3608 incunctanter
1695 3550 1913 3630 exequi

1681 3775 1714 3787 l
