2418 4172
667 336 1219 391 AUGUSTANA
1269 335 1529 390 MDXL.
1861 339 1968 393 w

226 484 264 518 ‘⁶
289 475 488 543 dicem
537 497 677 539 cum
727 478 995 540 oratione
1038 478 1256 540 delicta
1301 488 1406 539 tua
1454 477 1806 560 pronuncia,
1848 501 1967 541 non

227 566 267 625 ‘⁸
286 558 514 641 lingua,
540 558 645 622 sed
685 561 1069 623 conscientiae
1109 573 1232 622 tuae
1267 559 1577 633 memoria,
1605 570 1666 620 et
1694 570 1841 621 tunc
1868 561 1973 622 de-

226 648 266 680 “
293 662 462 702 mum
523 664 694 726 spera
750 654 811 704 te
870 642 1334 704 misericordiam
1400 664 1575 724 posse
1637 664 1750 703 con
1862 643 1973 704 ui?

230 723 386 795 Hoec
413 724 833 819 chrysostomi
871 726 1083 787 concio
1111 746 1231 784 non
1263 724 1458 785 solum
1489 723 1683 799 docet,
1709 726 1813 806 qui
1896 725 1972 786 de

228 819 679 870 enumeratione
718 806 1099 869 sentiendum
1139 807 1237 880 sit,
1270 806 1372 867 sed
1413 807 1594 867 etiam
1626 808 1972 890 gravissime

226 889 544 973 conjungit
572 889 989 951 contritionem
1021 901 1084 951 et
1112 888 1317 964 fidem,
1337 890 1495 950 sicut
1522 912 1631 951 nos
1661 890 1974 973 conjungi·

228 986 403 1044 munz
434 972 614 1053 jubet
644 974 904 1055 primum
938 985 1006 1035 ut
1034 985 1278 1056 peccata
1307 995 1450 1034 vere
1471 995 1505 1033 a
1591 996 1886 1048 oscamus,
1914 986 1975 1036 et

229 1075 310 1125 ex
347 1055 552 1119 animo
592 1054 975 1131 detestemur,
1001 1056 1217 1117 deinde
1253 1056 1430 1117 docet
1468 996 1804 1117 addendam
1845 1080 1974 1118 esse

229 1138 561 1199 orationem
594 1161 663 1199 ac
693 1139 899 1213 fidem,
927 1161 1063 1220 quae
1092 1151 1315 1200 statuat
1353 1139 1526 1200 nobis
1562 1141 1807 1222 ignosci.
1892 1140 1977 1201 Et

233 1221 352 1284 alio
394 1221 455 1282 in
498 1221 631 1282 loco
672 1222 776 1297 ait,
805 1223 1113 1284 “Peccata
1154 1235 1258 1283 tua
1298 1222 1485 1283 dicito
1512 1236 1583 1284 ut
1608 1223 1823 1284 deleas.
1909 1224 1973 1284 Si

234 1310 274 1340 ‘⁸
300 1302 489 1387 pudet
528 1303 726 1365 dicere
812 1305 928 1366 uod
971 1305 1326 1400 peccaveris,
1367 1305 1553 1367 dicito
1601 1306 1870 1387 quotidie
1914 1307 1975 1367 in

234 1393 273 1423 ‘⁴
300 1386 504 1448 anima
546 1397 665 1448 tua.
815 1410 893 1449 on
937 1387 1074 1449 dico
1112 1399 1180 1448 ut
1216 1389 1552 1449 confitearis
1590 1410 1661 1450 ea
1694 1410 1882 1465 servo,
1908 1399 1980 1450 ut

235 1476 276 1507 “
302 1470 641 1551 exprobret,
667 1469 766 1532 dic
795 1469 952 1545 Deo,
982 1482 1049 1532 ut
1076 1480 1245 1532 curet
1270 1472 1390 1532 ca.”

320 1550 569 1614 Fatetur
608 1562 672 1612 et
712 1553 908 1634 glossa
939 1554 999 1613 in
1030 1553 1307 1614 Decretis
1338 1552 1414 1613 de
1452 1554 1830 1635 poenitentia,
1857 1554 1980 1615 dis-

234 1631 527 1702 tinctione
552 1634 1240 1713 quinta,.confessionem
1270 1635 1610 1695 institutam
1633 1657 1763 1696 esse
1783 1637 1860 1696 ab
1881 1658 1981 1697 ec-

234 1714 434 1788 clesia,
460 1735 574 1780 nec
601 1717 777 1796 proeci
825 1716 844 1776 i
872 1738 1008 1777 eam
1037 1717 1098 1775 in
1130 1717 1436 1798 scripturis
1466 1717 1701 1777 Veteris
1730 1728 1791 1778 et
1816 1718 1979 1779 Novi

231 1794 629 1865 Testamenti.
720 1798 752 1860 1
797 1820 895 1859 em
966 1798 1238 1882 plerique
1307 1798 1578 1860 doctores
1651 1813 1981 1862 senserunt.

236 1879 443 1950 Quare
481 1881 781 1944 sententia·
818 1892 1020 1943 nostra
1058 1881 1134 1942 de
1177 1881 1552 1943 confessione
1584 1905 1780 1965 neque
1810 1906 1983 1959 nova,

359 1984 435 2030 ue
463 1962 718 2025 absurda
745 1974 855 2026 estss

239 2084 243 2086 ·
369 2055 632 2111 ostremo
681 2045 757 2108 de
805 2046 1310 2109 satisfactionibus
1361 2047 1455 2108 vel
1507 2049 1773 2110 maxime
1828 2072 1982 2133 opus

236 2125 356 2195 fuit
396 2128 626 2191 moneri
668 2129 796 2212 pias
840 2143 1091 2192 mentes.
1174 2130 1337 2191 Nam
1378 2131 1809 2193 satisfactiones
1846 2133 1983 2215 plus

238 2211 422 2273 etiam
453 2211 823 2276 incommodi
853 2213 1193 2274 habuerunt
1228 2234 1413 2294 quam
1454 2213 1555 2274 illa
1593 2216 1983 2276 enumeratio.

238 2293 661 2358 obscurabant
697 2296 862 2358 enim
908 2295 1270 2357 beneficium
1297 2296 1547 2371 Christi,
1576 2298 1718 2379 quia
1757 2297 1985 2359 indocti

238 2377 536 2471 putabant
580 2400 643 2438 se
688 2378 1098 2439 remissionem
1158 2379 1350 2461 culpae
1397 2381 1685 2461 'consequi
1742 2391 1988 2465 propter

239 2458 343 2521 nna
367 2461 609 2543 propria
635 2483 856 2544 opera;
900 2461 1137 2534 deinde,
1165 2461 1216 2521 si
1254 2461 1400 2542 quid
1435 2462 1498 2522 in
1528 2464 1622 2524 his
1650 2476 1777 2525 erat
1804 2463 1989 2524 omis-

239 2562 397 2618 sum,
422 2544 802 2607 conscientiae
830 2546 1352 2628 perturbabantur.
1434 2545 1616 2621 Item,
1644 2546 1989 2629 deligeban-

239 2635 341 2687 tur
365 2627 741 2702 ceremoniae,
769 2628 1297 2711 peregrinationeS,
1317 2639 1380 2690 et
1402 2628 1583 2709 hujus
1612 2629 1842 2711 generis
1873 2630 1989 2689 alia

243 2706 479 2772 inutilia
504 2730 703 2792 opera,
728 2733 849 2774 non
882 2711 1164 2773 mandata
1191 2711 1494 2773 divinituS.
1566 2713 1652 2773 Et
1683 2713 1774 2773 his
1803 2714 1990 2794 finge-

244 2790 392 2851 bant
419 2790 532 2874 ipsi
561 2791 832 2855 doctores
862 2794 1236 2877 compensari
1268 2806 1523 2855 mortem
1553 2807 1858 2856 aeternam.

326 2871 545 2954 ltaque
585 2874 871 2937 duximus
914 2878 1053 2960 pias
1086 2889 1318 2939 mentes
1363 2878 1695 2938 liberandas
1731 2899 1859 2937 esse
1895 2876 1989 2938 his

245 2955 560 3031 euntibus,
586 2970 648 3019 et
687 2958 973 3021 docemus
1017 2960 1469 3035 satisfactiones,
1495 2960 1773 3021 videlicet
1810 2981 1989 3020 cano-

247 3037 412 3098 nicas
452 3038 601 3114 illas,
627 3063 777 3122 quas
808 3042 928 3124 ipsi
968 3054 1185 3103 vocant
1218 3066 1399 3126 opera
1427 3043 1709 3118 indebita,
1738 3045 1848 3103 &c.
1876 3064 1991 3103 nec

247 3119 323 3180 ad
366 3121 776 3184 remissionem
820 3125 1032 3207 culpae,
1070 3147 1181 3186 nec
1224 3129 1300 3187 ad
1335 3126 1743 3187 remissionem
1791 3147 1991 3219 poenoe

247 3214 483 3264 oeternae
512 3204 809 3287 prodesse,
837 3228 950 3267 nec
977 3229 1106 3269 esse
1132 3210 1506 3269 necessarias.
1593 3209 1759 3268 Olim
1797 3230 1856 3268 in
1893 3230 1993 3269 ec-

246 3285 427 3347 clesia
471 3309 600 3347 mos
642 3288 757 3348 fuit
798 3289 860 3349 in
903 3289 1147 3371 publica
1188 3291 1545 3372 poenitentia
1581 3313 1700 3351 non
1730 3290 1992 3387 recipere

246 3369 446 3452 lapsos
502 3369 576 3430 ad
626 3370 940 3431 ecclesiam
988 3371 1323 3445 redeuntes,
1364 3373 1477 3433 nisi
1536 3372 1737 3434 addita
1793 3374 1994 3455 aliqua

249 3451 476 3512 mulcta
503 3454 766 3536 exempli
797 3474 992 3515 causa.
1076 3453 1177 3514 Ab
1206 3454 1311 3515 illo
1342 3477 1507 3515 more
1535 3467 1676 3517 sunt
1715 3467 1860 3517 ortae
1899 3478 1994 3518 sa-

246 3534 648 3607 tisfactiones3
693 3536 794 3597 sed
837 3548 1063 3598 veteres
1107 3537 1213 3598 illo
1254 3538 1535 3621 exemplo
1567 3538 1850 3600 volebant
1884 3560 1994 3623 po-

249 3616 464 3702 pulum
506 3642 543 3681 a
585 3619 891 3704 peccando
934 3618 1247 3695 deterrere,
1288 3643 1411 3689 non
1454 3621 1792 3684 sentiebant
1812 3644 2024 3689 ‘cerer

1652 3770 1684 3784 s
