2418 4172
509 337 616 391 226
1138 335 1621 390 CONFESSIO

513 479 663 541 nibil
722 479 977 563 impedit
1036 478 1343 562 politicam
1406 478 2003 539 administrationem.
2087 477 2251 539 Nam

510 562 755 646 politica
796 561 1233 623 administratio
1275 574 1543 621 versatur
1583 561 1739 620 circa
1777 559 1920 620 alias
1949 582 2039 622 res
2068 582 2251 643 quam

510 646 907 727 evangelium.
978 645 1370 726 Magistratus
1402 643 1691 717 defendit,
1718 664 1837 703 non
1872 654 2121 718 mentes,
2149 641 2256 704 sed

509 750 757 811 corpora
798 740 859 788 et
900 750 991 788 res
1035 728 1387 810 corporales,
1416 726 1694 787 adversus
1731 725 2076 786 manifestas
2102 725 2259 806 inju-

508 810 645 885 rias,
672 823 733 871 et
772 821 1007 872 coercet
1047 809 1320 871 homines
1355 809 1574 891 gladio,
1601 821 1663 868 et
1691 808 2097 890 corporalibus
2124 827 2259 890 poe·

510 892 623 967 nis,
654 905 720 954 ut
736 893 1037 973 justitiam
1067 891 1303 953 civilem
1335 904 1396 951 et
1425 914 1634 974 pacem
1667 891 1936 951 retineat.

591 974 737 1035 Non
782 975 966 1057 igitur
1006 973 1466 1035 commiscendus
1508 986 1651 1034 sunt
1693 984 2037 1055 potestates,
2065 972 2259 1032 eccle-

506 1057 746 1118 siastica
775 1069 836 1116 et
864 1056 1090 1125 civilis;
1134 1056 1530 1117 ecclesiastica
1558 1077 1734 1116 suum
1767 1054 2121 1116 mandatum
2153 1054 2259 1115 ha-

508 1140 632 1211 bet,
662 1137 951 1219 evangelii
990 1137 1243 1197 docendi
1284 1149 1345 1196 et
1381 1136 1835 1198 administrandi
1866 1148 2255 1198 sacramenta.

508 1220 653 1281 Non
698 1221 991 1302 irrumpat
1034 1219 1094 1278 in
1140 1218 1401 1278 alienum
1444 1218 1732 1293 officium,
1772 1240 1895 1279 non
1940 1219 2258 1280 transferat

507 1324 693 1382 regna
736 1301 968 1374 mundi,
996 1322 1118 1360 non
1157 1301 1406 1382 abroget
1434 1301 1594 1382 leges
1624 1300 2105 1380 magistratuum,
2132 1322 2256 1362 non

508 1385 681 1445 tollat
719 1384 1054 1466 legitimam
1101 1382 1526 1455 obedientiam,
1554 1404 1675 1443 non
1715 1381 2007 1465 impediat
2024 1381 2259 1462 judicia

505 1466 583 1527 de
630 1466 766 1527 ullis
817 1466 1094 1526 civilibus
1140 1464 1620 1526 ordinationibus
1671 1476 1776 1525 aut
1830 1465 2258 1539 contractibus,

502 1571 626 1609 non
658 1549 1005 1631 praescribat
1032 1549 1194 1628 leges
1225 1548 1671 1630 magistratibus
1699 1546 1775 1607 de
1804 1546 1996 1608 forma
2017 1547 2259 1632 reipub—

505 1632 660 1703 licoe,
688 1631 844 1691 sicut
872 1631 1019 1691 dicit
1046 1630 1343 1704 Christus,
1377 1631 1661 1713 Regnum
1691 1653 1888 1692 meum
1917 1653 2035 1692 non
2064 1638 2157 1691 est
2183 1629 2259 1691 de

505 1714 619 1774 hoc
655 1715 894 1774 munde.
982 1713 1160 1786 Item,
1197 1713 1356 1776 Quis
1389 1714 1701 1774 constituit
1736 1735 1832 1773 me
1837 1713 2117 1796 Judtcem
2145 1721 2257 1774 aut

507 1796 825 1857 divisorem
878 1817 1063 1877 super
1114 1797 1277 1856 vos?
1334 1795 1417 1855 Et
1467 1797 1686 1856 Paulus
1737 1795 1821 1856 ait
1863 1795 2129 1878 Philipp.
2172 1795 2257 1856 iii.

506 1879 741 1941 Nostra
781 1877 1004 1959 politia
1046 1878 1116 1938 in
1173 1877 1339 1939 coelis
1381 1886 1489 1939 est.
1558 1891 1593 1938 2
1634 1877 1911 1938 Corinth.
1951 1900 2011 1939 x.
2056 1878 2258 1939 Arma

503 1961 739 2022 milities
767 1969 983 2021 nostres
1019 1981 1139 2020 non
1176 1968 1322 2020 sunt
1357 1959 1656 2033 carnalia,
1682 1960 1793 2019 sed
1808 1961 2085 2040 potentia
2109 1959 2257 2034 Dei,

503 2043 592 2105 ad
618 2042 1013 2103 destruendas
1041 2043 1458 2124 cogitationem,
1487 2044 1596 2102 &c.
1681 2041 1776 2101 Ad
1813 2043 1975 2103 hunc
2003 2041 2255 2104 modum

503 2126 854 2187 discernunt
894 2125 1079 2184 nostri
1124 2124 1438 2205 utriusque
1481 2124 1794 2207 potestatis
1834 2122 2049 2199 officia,
2076 2136 2139 2186 et
2155 2124 2258 2205 Ju-

504 2209 652 2269 bent
689 2219 1006 2288 utramque
1051 2207 1275 2267 bonore
1309 2207 1541 2267 afficere
1570 2219 1631 2267 et
1660 2229 2000 2290 agnoscere,
2029 2220 2255 2269 utram·

501 2312 622 2372 que
651 2290 773 2350 Dei
802 2290 1030 2350 donum
1062 2301 1123 2349 et
1153 2290 1512 2350 beneficium
1547 2312 1692 2350 esse.

586 2373 649 2432 Si
684 2394 867 2454 quam
900 2372 1126 2432 habent
1154 2371 1418 2455 episcopi
1459 2385 1818 2455 potestatem
1862 2372 2064 2453 gladii,
2096 2373 2253 2435 bane

493 2476 625 2515 ‘non
671 2455 896 2514 habent
940 2465 1007 2514 ut
1047 2453 1315 2536 episcopi
1360 2476 1435 2514 ex
1478 2454 1764 2514 mandato
1805 2455 2119 2537 evangelii,
2147 2456 2252 2518 sed

493 2537 630 2618 jure
671 2537 943 2596 humano
984 2535 1267 2598 donatam
1313 2558 1347 2595 a
1391 2537 1628 2618 regibus
1672 2551 1731 2596 et
1776 2537 2254 2619 imperatoribus,

503 2630 567 2680 et
587 2618 1164 2679 administrationem
1192 2618 1425 2679 civilem
1455 2640 1697 2679 suorum
1731 2620 2045 2681 bonorum.
2096 2619 2254 2683 Hac

504 2701 744 2762 interim
804 2699 920 2761 alia
975 2699 1209 2761 functio
1256 2711 1349 2761 est
1398 2723 1579 2783 quam
1630 2700 2030 2763 ministerium
2073 2698 2254 2764 evan-

566 2784 662 2846 Jii.

500 2806 747 2928 geCum
792 2867 975 2950 igitur
1014 2867 1092 2928 de
1123 2869 1540 2949 jurisdictione
1581 2872 2002 2953 episcoporum
2038 2871 2254 2952 quieri-

502 2961 620 3021 tur,
649 2949 902 3011 discerni
943 2949 1124 3012 debet
1161 2951 1480 3034 imperium
1521 2955 1597 3013 ab
1639 2953 2037 3015 ecclesiastica
2068 2953 2253 3034 juris-

501 3031 783 3093 dictione.
870 3033 1055 3093 Porro
1096 3034 1424 3095 secundum
1470 3035 1867 3129 evangelium,
1908 3057 2013 3098 seu
2056 3049 2125 3098 ut
2166 3036 2250 3097 lo-

378 3183 389 3186 ·
502 3126 790 3196 quuntur,
831 3113 907 3175 de
937 3113 1077 3194 jure
1117 3115 1340 3191 divino,
1381 3118 1548 3179 nulla
1578 3117 1920 3199 jurisdictio
1958 3117 2254 3202 competit

503 3197 804 3280 episcopis
842 3208 910 3258 ut
947 3197 1264 3281 episcopis,
1295 3200 1409 3261 hoc
1447 3214 1557 3275 est,
1588 3201 1681 3261 his
1715 3201 1937 3283 quibus
1964 3213 2058 3263 est
2083 3221 2249 3262 com-

502 3279 756 3340 missum
803 3279 1203 3342 ministerium
1250 3283 1413 3343 verbi
1455 3295 1519 3344 et
1561 3296 2094 3357 sacramentorum,
2130 3280 2243 3343 nisi

502 3362 805 3422 remittere
844 3378 1122 3445 peccata3
1174 3364 1341 3438 item,
1383 3388 1743 3448 cognoscere
1791 3364 2142 3435 doctrinam,
2184 3376 2246 3425 et

501 3442 834 3505 doctrinam
895 3447 972 3505 ab
1028 3447 1338 3530 evangelio
1386 3448 1836 3510 dissentientem
1883 3445 2147 3526 rejicere,
2183 3460 2244 3508 et
2350 3470 2358 3477 ·

503 3524 740 3606 impios,
769 3547 1023 3607 quorum
1059 3541 1198 3590 nota
1229 3542 1320 3590 est
1348 3530 1645 3613 impietas,
1665 3527 1984 3590 excludere
2014 3549 2048 3589 a
2075 3549 2245 3591 com-

501 3606 788 3666 munione
816 3609 1097 3682 ecclesiae,
1128 3611 1255 3670 sine
1284 3612 1340 3670 vi
1379 3612 1660 3682 humana,
1690 3608 1792 3670 sed
1829 3610 2029 3670 verbo.
2118 3611 2242 3675 Hie
