2418 4172
507 337 618 390 240
1131 337 1632 394 PRAEFA'rlo.

507 500 639 541 rum
689 478 1082 542 delictorum:
1132 501 1266 560 quoe
1315 491 1408 541 est
1463 481 1810 544 carnificina
1856 484 2251 546 conscientia·

505 583 660 637 rum,
688 563 1023 646 impediens
1054 562 1237 623 fidem
1269 575 1331 624 et
1357 563 1817 627 invocationem.
2179 591 2185 595 ·

586 645 834 707 Nomen
904 645 1376 708 satisfactionum
1451 667 1573 707 non
1645 647 2042 723 intellectum,
2098 649 2250 711 falso

503 730 936 790 transtulerunt
985 728 1059 790 ad
1108 729 1629 811 compensationes
1724 752 1787 791 ro
1836 730 2132 813 peccatis:
2187 743 2252 792 et

503 812 809 873 finxerunt
845 833 1027 896 opera
1054 834 1175 872 non
1205 811 1408 873 debita
1435 812 1634 872 cultus
1665 753 1782 873 ssei
1814 834 1964 887 esse,
1993 825 2056 874 et
2082 833 2251 874 com·

583 895 900 956 nsationes.
988 895 1202 955 Postea
1246 915 1337 954 res
1381 894 1454 955 ad
1497 909 1798 975 quaestum
1830 896 2115 957 translata
2140 907 2250 957 est.

501 915 879 1059 Excogitatae
929 987 1069 1038 sunt
1118 976 1524 1070 indulgentiae,
1570 999 1646 1037 ne
1690 979 1767 1039 ab
1808 978 1955 1062 ipsis
1997 978 2247 1060 quidem

502 1058 839 1133 intellectae,
868 1060 970 1139 qui
1002 1059 1238 1119 venales
1268 1058 1787 1121 circumferebant.
1859 1059 1944 1122 Et
1981 1061 2076 1122 hoe
2099 1083 2253 1144 prae-

501 1141 691 1223 stigiae
735 1141 1135 1201 obscurabant
1176 1139 1510 1201 doctrinam
1550 1140 1627 1201 de
1655 1142 1813 1204 Filio
1839 1142 1982 1217 Dei,
2007 1143 2086 1204 de
2112 1164 2252 1205 vera

500 1224 904 1296 conversione,
948 1222 1024 1283 de
1074 1222 1213 1296 fide,
1256 1222 1333 1283 de
1378 1223 1774 1299 invocatione,
1814 1223 1892 1285 de
1925 1225 2080 1287 veris
2122 1226 2252 1288 cul-

500 1306 688 1367 tibus·

582 1387 730 1448 Erat
761 1387 970 1469 ignota
994 1396 1123 1447 tota
1153 1384 1287 1447 haec
1314 1386 1663 1462 consolatio,
1690 1388 2023 1449 necessaria
2055 1389 2254 1451 omni'-

499 1471 632 1543 bus,
662 1469 972 1551 quomodo
1000 1489 1321 1529 conversus
1352 1469 1427 1529 ad
1455 1469 1659 1530 Deum
1695 1470 1773 1530 sit
1789 1470 2013 1551 justus,
2033 1482 2096 1532 et
2123 1471 2253 1555 pls·

498 1566 631 1614 ceat
673 1554 847 1615 Deo:
893 1573 1013 1633 qua
1061 1551 1137 1612 de
1188 1574 1251 1612 re
1294 1551 1355 1612 in
1406 1553 1642 1635 scriptis
1687 1554 2123 1615 monachorum
2167 1553 2251 1615 le-

584 1649 724 1697 ntur
751 1647 987 1696 tantum
1029 1634 1379 1728 pharisaicae
1411 1635 1748 1728 opiniones,
1775 1657 1888 1698 nec
1915 1636 2253 1698 ostenditur

497 1657 815 1780 giicrimen
852 1717 1106 1799 justitioe
1136 1716 1277 1777 fidei
1317 1728 1378 1777 et
1415 1717 1767 1800 disciplinae.
1854 1719 2144 1780 Pmteoea
2184 1719 2249 1781 in

498 1802 706 1862 multis
762 1800 1108 1883 regionibus
1166 1811 1271 1861 aut
1327 1800 1506 1860 silent
1563 1800 1885 1862 conciones
1940 1801 2063 1863 fere
2118 1812 2249 1863 toto

499 1906 678 1958 ann0,
707 1896 811 1945 aut
854 1885 902 1944 si
946 1904 1082 1964 quae
1123 1885 1295 1956 fiunt,
1325 1883 1518 1965 plenoe
1548 1895 1689 1943 sunt
1715 1884 2014 1945 vanitatis.
2100 1883 2248 1946 Non

497 1968 661 2028 enim
709 1966 1022 2027 continent
1071 1964 1405 2026 doctrinam
1460 1964 1537 2024 de
1588 1966 1895 2027 beneficiis
1931 1965 2073 2027 Filii
2107 1965 2249 2043 Dei,

498 2050 600 2111 sed
647 2048 876 2110 indocti
920 2048 1175 2108 recitant
1222 2046 1525 2108 fabulosas
1573 2046 1848 2109 historias
1891 2047 1968 2109 de
2009 2049 2251 2125 sanctis,

498 2143 602 2194 aut
643 2130 1080 2214 superstitiosas
1123 2130 1350 2190 noenias
1392 2128 1808 2204 traditionum,
1851 2142 1914 2192 et
1953 2129 2249 2194 doctiores

495 2225 800 2276 ostentant
828 2213 1314 2296 philosophiam:
1357 2233 1522 2273 nunc
1561 2213 1822 2295 utrique,
1849 2213 2009 2275 docti
2054 2225 2118 2276 et
2158 2214 2251 2275 in·

495 2298 680 2372 docti,
708 2308 947 2358 tantum
993 2296 1406 2356 conviciantur
1433 2295 1816 2367 Lutheranis,
1854 2308 1917 2358 et
1958 2296 2250 2359 damnant

497 2380 823 2462 incognita.
913 2380 1201 2440 Praeterea
1244 2378 1592 2438 intueantur
1618 2379 1776 2439 oculi
1817 2401 1886 2440 ea
1923 2400 2061 2460 quae
2090 2381 2249 2441 flunt

496 2464 556 2523 in
589 2463 853 2546 ipsorum
885 2461 1147 2543 templis.
1234 2461 1461 2521 Omnia
1491 2461 1670 2542 plena
1701 2472 1841 2521 sunt
1870 2461 2247 2523 invocatione

498 2546 815 2606 hominum
848 2555 1243 2604 mortuorum.
1331 2543 1402 2603 In
1445 2543 1651 2603 multis
1691 2544 1837 2604 locis
1876 2542 2075 2606 adhuc
2107 2566 2245 2627 pro·

495 2629 661 2689 strati
707 2626 780 2687 ad
826 2638 1070 2699 statuas,
1101 2626 1382 2686 invocant
1418 2626 1516 2686 alii
1559 2626 1675 2687 alia
1715 2627 1987 2697 numina,
2015 2638 2078 2687 et
2114 2627 2247 2688 aliis

494 2710 570 2771 de
598 2710 812 2772 causis.
884 2710 1190 2771 Ab'Anna
1219 2719 1508 2791 petuntur
1535 2707 1781 2782 divitiae,
1809 2721 1878 2770 ut
1908 2730 1942 2770 a
1960 2710 2244 2771 Junonet

495 2815 530 2853 a
577 2794 712 2855 Geo
784 2793 843 2853 'o
883 2792 1167 2866 victoriae‚
1210 2803 1279 2852 ut
1323 2814 1357 2851 a
1405 2791 1639 2861 Μαι-ως
1682 2791 1943 2873 denique
1991 2793 2068 2854 ab
2112 2793 2246 2854 aliis

495 2876 628 2938 alia.
785 2874 803 2935 i
848 2875 1076 2936 furores
1125 2874 1441 2935 manifeste
1490 2875 1909 2937 contumeliosi
1956 2886 2101 2937 sunt
2140 2875 2246 2937 ad·

493 2981 696 3021 versus
767 2957 995 3020 Deum.
1082 2958 1395 3027 Quantum
1465 2957 1795 3019 manifestoe
1850 2956 2244 3042 turpitudinis

493 3042 682 3104 oritur
721 3063 795 3103 ex
836 3042 968 3124 lege
1012 3039 1090 3101 de
1126 3040 1457 3102 coelibatu?
1502 3040 1702 3109 Quam
1747 3041 1924 3102 multi
1969 3040 2243 3102 homines

493 3136 585 3186 tot
629 3124 863 3199 seculis,
906 3123 1128 3205 alioqui
1179 3134 1449 3184 amantes
1491 3123 1800 3196 virtutem,
1842 3123 2056 3208 polluti
2102 3132 2245 3185 sunt

496 3206 804 3269 horrendis
846 3207 1127 3291 peccatis,
1171 3217 1416 3289 propter
1459 3206 1575 3267 hoc
1603 3205 1934 3282 vinculum,
1962 3205 2067 3289 qui
2109 3215 2242 3267 tan·

493 3290 631 3351 dem
664 3289 1079 3373 desperatione
1109 3300 1171 3350 et
1198 3289 1435 3350 oeternis
1464 3288 1664 3373 poenis
1693 3288 1961 3373 oppressi
1992 3286 2171 3350 suut?

577 3373 717 3434 Vita
761 3373 1093 3434 monastica
1135 3372 1315 3455 plena
1354 3382 1445 3433 est
1484 3371 1763 3433 falsarum
1795 3369 2147 3455 opinionum
2177 3380 2238 3429 et

494 3456 1007 3538 superstitionum,
1036 3466 1098 3516 et
1126 3455 1334 3517 multae
1364 3455 1536 3516 bonae
1581 3467 1813 3516 mentes
1850 3461 2106 3537 peoeunt
2134 3450 2237 3523 ibi,

495 3536 833 3614 ignorantes
872 3539 1272 3619 evangelium,
1300 3548 1362 3599 et
1404 3537 1716 3620 implicite
1758 3532 1982 3614 laqueis
2028 3532 2239 3595 stulta-

2392 2623 2415 2798 *παῦε-νε
2395 2579 2398 2582 ’
2413 2506 2418 2507 ,

2386 3026 2418 3078 ¹2

2388 3069 2418 3205 52

2393 3206 2418 3288 12
