2418 4172
770 368 1246 458 SAxoch.
1766 402 1873 455 sos

139 566 271 608 rum
311 555 372 606 et
399 544 652 625 jejunio,
680 547 789 607 &c
875 545 973 606 De
1002 546 1217 607 talibus
1245 541 1660 605 traditionibus
1689 546 1868 606 ctiam

137 627 273 689 libri
302 639 511 688 extant
540 639 800 689 recentes
831 627 990 712 pleni
1032 626 1532 709 labyrinthorum,
1563 623 1624 683 in
1655 626 1871 704 quibus

137 709 436 783 scribitur,
457 718 495 747 “
527 711 778 772 Peccata
821 710 1094 770 mortalia
1132 730 1260 768 esse
1285 706 1635 768 violationes
1660 706 1871 767 talium

137 800 176 830 “
205 793 451 867 rituum,
467 793 647 854 etiam
672 808 839 852 extra
867 811 1070 851 casum
1101 789 1412 850 scandali?
1454 789 1682 848 Gerson
1713 810 1874 869 quae-

136 874 277 935 sivit
321 873 618 940 ἑπιεικείαςε
670 872 772 932 sed
823 893 959 931 vera
1007 870 1336 931 consolatio
1379 882 1471 930 est
1514 891 1631 930 vox
1677 871 1874 932 Evan-

136 955 297 1038 gelii,
326 976 460 1036 quae
486 954 616 1014 vult
645 953 807 1014 hunc
845 953 1215 1013 intellectum
1257 952 1544 1013 libertatis
1574 953 1636 1012 in
1664 954 1874 1015 Eccle-

135 1036 224 1098 sia
267 1047 478 1098 notum
522 1058 649 1096 esse
691 1048 753 1096 et
789 1036 1138 1107 conservari,
1167 1034 1444 1095 videlicet
1477 1036 1719 1097 remotis
1757 1037 1873 1098 illis

134 1118 447 1193 erroribus,
475 1117 550 1179 de
580 1118 799 1199 quibus
827 1117 1055 1179 dictum
1087 1130 1211 1178 est:
1243 1118 1419 1178 Ritus
1443 1117 1738 1179 humanos
1768 1120 1877 1180 ho·

135 1212 357 1275 nestos,
383 1200 606 1262 ordinis
646 1222 825 1262 causa
863 1201 1070 1274 factos,
1108 1201 1321 1260 servari
1366 1222 1540 1283 posse
1577 1201 1703 1262 sine
1745 1203 1875 1295 opi-

135 1283 319 1345 nione
348 1283 564 1355 meriti,
593 1284 864 1343 cultuum
904 1294 966 1343 et
1003 1282 1391 1354 necessitatis,
1420 1294 1490 1344 ut
1532 1305 1709 1365 supra
1751 1284 1874 1346 dic-

135 1376 268 1427 tum
308 1376 400 1426 est
436 1387 511 1426 ex
541 1365 771 1425 Coloss.
803 1365 863 1424 ii.
892 1365 1089 1426 Nemo
1115 1387 1217 1426 vos
1234 1364 1482 1447 judicet
1517 1366 1581 1425 in
1609 1367 1736 1427 cibo
1765 1376 1874 1428 aut

126 1456 303 1531 potu,
323 1449 433 1509 &c-
455 1458 517 1508 et
538 1448 745 1508 Petrus
774 1447 1001 1527 inquit:
1051 1448 1224 1512 Quid
1246 1448 1496 1509 tentatis
1516 1447 1742 1522 Deum,
1762 1450 1874 1511 im·-

128 1538 425 1612 ponentes
429 1530 663 1613 jugum
692 1530 1019 1590 cervicibus
1039 1530 1487 1610 discipulorum,
1509 1531 1670 1613 quod
1684 1553 1875 1615 neque

132 1621 348 1694 patres
370 1614 576 1685 vestri,
606 1633 797 1693 neque
821 1633 929 1671 nos
947 1621 1205 1693 portare
1218 1614 1533 1705 potuimus
1551 1614 1589 1671 9

217 1694 423 1755 'Berua
459 1694 698 1775 regulaz
744 1693 1017 1753 Remotis
1055 1695 1351 1754 erroribus
1387 1694 1521 1768 illis,
1548 1693 1625 1754 de
1654 1695 1872 1774 quibus

133 1774 335 1837 doceri
377 1774 709 1836 Ecclesiam
757 1796 998 1834 necesse
1041 1786 1148 1847 est,
1191 1787 1400 1855 postea
1447 1775 1596 1838 titus
1641 1776 1873 1856 aliquos

134 1857 438 1931 honestos,
463 1856 606 1917 boni
649 1855 871 1916 ordinis
914 1878 1091 1916 causa
1128 1856 1335 1930 factos,
1363 1867 1424 1917 et
1466 1878 1787 1933 servamus,
1814 1870 1876 1919 et

135 1938 452 2001 servandos
478 1960 606 1999 esse
634 1938 953 1999 docemus:
998 1949 1067 1999 ut
1095 1938 1222 1999 sine
1250 1938 1457 1999 ordine
1486 1940 1759 2001 homines
1788 1942 1874 2001 vi-

133 2042 272 2083 vere
322 2043 441 2081 non
491 2033 774 2103 possunt:
829 2031 892 2080 et
935 2022 1153 2082 Paulus
1205 2021 1420 2101 inquit,
1455 2021 1677 2083 Omnia
1693 2022 1875 2106 fiant

136 2104 349 2166 decore
414 2111 472 2164 et
537 2103 764 2163 ordine.
851 2101 936 2162 Et
996 2113 1164 2163 extat
1217 2103 1529 2165 Athanasii
1595 2104 1823 2167 dictum
1857 2131 1870 2167 :

136 2194 175 2223 “
204 2186 401 2248 Utiles
444 2196 585 2246 sunt
621 2185 1011 2255 caeremoniae,
1042 2184 1145 2245 sed
1174 2206 1313 2245 cum
1344 2186 1686 2267 cognitione
1723 2189 1873 2249 veri-

135 2276 176 2306 “
203 2268 344 2331 tatis
365 2279 430 2328 et
450 2267 906 2328 mediocritate.”
966 2267 1147 2328 Hanc
1172 2289 1379 2327 vocem
1413 2281 1657 2350 apparet
1684 2292 1875 2352 oppo-

135 2351 313 2414 sitam
350 2372 479 2411 esse
518 2349 944 2433 superstitioni,
973 2371 1110 2431 quae
1149 2371 1312 2410 nunc
1338 2371 1580 2431 quoque
1618 2354 1874 2434 augebat

133 2433 537 2507 coeremonias‚
587 2444 650 2493 et
698 2433 1054 2493 obscurabat
1099 2431 1431 2507 veritatem,
1479 2444 1541 2492 et
1589 2436 1874 2496 onerabat

132 2515 528 2578 conscientias
556 2527 619 2575 et
646 2515 943 2575 ecclesias.

215 2598 475 2680 Agimus
518 2608 716 2658 autem
758 2598 974 2679 gratias
1001 2597 1158 2672 De0,
1184 2608 1406 2658 aeterno
1433 2598 1591 2659 Patri
1618 2598 1871 2660 Domini

133 2681 321 2743 nostri
346 2681 495 2742 Jesu
525 2679 771 2754 Christi,
798 2680 903 2761 qui
941 2691 1183 2774 propter
1208 2680 1454 2754 Filium,
1483 2692 1544 2741 et
1576 2703 1685 2764 per
1711 2703 1871 2757 eum,

131 2772 418 2824 aeternam
474 2761 807 2823 Ecclesiam
863 2762 1112 2844 colligit,
1156 2762 1316 2843 quod
1367 2763 1508 2823 inde
1556 2786 1748 2844 usque
1795 2767 1872 2826 ab

135 2843 308 2905 initio
452 2843 565 2904 eris
594 2845 843 2904 humani
870 2846 1237 2906 conservavit
1262 2846 1573 2927 publicum
1604 2846 1874 2907 ministe-

137 2926 294 2987 rium
394 2926 671 3006 vangelii,
714 2938 777 2987 et
824 2928 1105 2987 honestos
1151 2950 1498 3009 congressus
1523 2953 1539 2997 ;
1592 2928 1695 3007 qui
1746 2929 1872 3012 ipse

136 3008 317 3069 etiam
346 3007 619 3068 distinxit
655 3008 932 3089 quaedam
976 3021 1284 3091 tempora:
1329 3021 1390 3069 et
1430 3031 1669 3069 oramus
1712 3032 1871 3085 eum,

139 3102 209 3151 ut
234 3089 517 3172 deinceps
550 3102 740 3151 servet
768 3100 846 3151 et*
865 3103 1031 3173 regat
1057 3092 1411 3152 Ecclesiam.
1498 3091 1583 3150 Et
1610 3091 1872 3153 studiose

137 3173 444 3246 docemus,
464 3184 534 3233 ut
559 3194 767 3234 omnes
795 3173 1075 3253 adjuvent
1102 3173 1613 3235 conservationem
1644 3175 1869 3255 publici

139 3254 471 3328 ministerii,
499 3266 561 3315 et
586 3254 777 3315 vitent
803 3256 1080 3318 scandala
1107 3268 1169 3318 et
1195 3256 1629 3339 dissipationes,
1656 3267 1725 3316 ut
1762 3279 1871 3319 suo

138 3338 272 3398 loco
304 3337 601 3420 copiosius
636 3336 883 3398 dicetur.
