2418 4172
491 377 601 431 374
1076 371 1640 426 CATECHESIS

497 516 737 598 singuli,
765 535 900 596 quae
931 525 1290 597 acceperunt
1317 512 1495 587 dona,
1524 514 1587 573 in
1619 533 1944 575 commune
1973 533 2244 575 commo-

497 598 643 660 dum
690 610 752 659 et
795 597 1204 657 universorum
1251 596 1505 657 salutem
1552 606 1829 678 prompte
1870 605 1934 656 et
1973 595 2244 658 alacriter

498 681 763 743 conferre
791 679 1049 740 debeant
1066 690 1104 739 ⁸.

585 762 683 826 ⁵6.
720 762 893 828 Quid
917 762 1112 823 credis
1141 761 1215 822 de
1241 761 1591 821 remissione
1610 768 1996 842 peccatorum
2020 760 2060 820 9

581 845 784 907 Deum
838 859 1080 928 propter
1124 843 1590 905 satisfactionem
1637 843 1863 903 Christi
1887 848 1927 918 ‘,
1971 862 2243 903 meorum

500 939 906 1011 peccatorum,
948 941 1128 1007 atque
1172 926 1330 987 illius
1373 926 1555 986 etiam
1602 925 1909 1007 pravitatis
1946 946 2088 986 cum
2126 945 2248 1007 qun

502 1010 653 1070 mihi
675 1032 783 1093 per
802 1031 1046 1069 omnem
1075 1009 1259 1069 vitam
1284 1007 1679 1091 pugnandum
1709 1020 1799 1068 est
1820 1019 1867 1081 ⁸²,
1889 1006 2243 1069 memoriam

500 1115 741 1153 omnem
782 1090 1148 1172 deposuisse,
1176 1102 1237 1150 ct
1272 1111 1371 1150 me
1400 1090 1638 1169 justitia
1665 1089 1890 1150 Christi
1930 1089 2113 1172 gratis
2140 1087 2249 1151 do-

502 1196 663 1246 nare,
691 1196 766 1232 ne
797 1193 1083 1252 umquam
1118 1172 1180 1230 in
1213 1170 1504 1232 ‘udicium
1534 1171 1772 1232 veniam
1792 1182 1840 1231 ¹.

586 1265 683 1330 57.
719 1254 893 1319 Quid
918 1261 979 1314 te
1007 1192 1352 1314 cmzsolJatur
1377 1254 1741 1314 resurrectio
1770 1252 1974 1314 carnis
1997 1254 2037 1313 9

585 1336 766 1405 Quod
811 1358 931 1396 non
975 1346 1211 1396 tantum
1258 1334 1460 1396 anima
1501 1356 1655 1408 mea,
1682 1345 2004 1417 postquam
2040 1356 2076 1396 e
2116 1356 2249 1398 cor-

501 1441 645 1502 pore
675 1418 1015 1493 excesserit,
1044 1441 1078 1497 e
1106 1417 1360 1499 vestigio
1389 1417 1463 1478 ad
1492 1417 1805 1478 Christum
1847 1427 2032 1500 oeput
2067 1437 2247 1480 suum

501 1511 838 1563 assumetur
856 1512 917 1561 5:
962 1521 1168 1561 verum
1199 1499 1361 1581 quod
1392 1499 1522 1561 haec
1542 1521 1783 1581 quoque
1804 1521 1942 1561 caro
1964 1521 2120 1573 mea,
2140 1521 2249 1583 po-

501 1584 690 1645 tentia
735 1582 960 1644 Christi
1005 1583 1284 1656 excitata,
1313 1604 1511 1643 rursus
1550 1582 1765 1644 animae
1807 1604 1962 1645 meae
1991 1581 2251 1657 unietur,

498 1680 563 1727 et
591 1667 850 1748 glorioso
878 1665 1106 1725 Christi
1138 1665 1369 1747 corpori
1400 1665 1873 1726 conformabitur
1893 1676 1935 1726 ².

586 1761 684 1810 58.
722 1749 924 1813 Quam
946 1746 1404 1809 consolationem
1435 1747 1600 1828 capis
1629 1768 1703 1807 ex
1730 1746 1991 1808 articulo
2019 1746 2096 1810 de
2118 1746 2250 1811 vita

499 1840 726 1892 oeterna
752 1832 790 1890 9

585 1912 786 1989 Quod,
813 1913 1099 1994 quoniam
1145 1913 1206 1972 in
1252 1912 1572 1994 praesentia
1613 1911 1753 1972 vitae
1793 1923 2032 1973 aeternae
2073 1910 2248 1973 initia

502 1996 562 2055 in
614 2017 751 2056 meo
801 1995 979 2055 corde
1028 1993 1412 2077 praesentisco
1440 2005 1483 2068 ⁸,
1528 1993 1799 2053 futurum
1851 1993 1950 2068 sit,
1993 2003 2064 2054 ut
2109 2004 2250 2076 post

501 2077 658 2138 hanc
686 2077 872 2137 vitam
903 2077 1082 2170 plena
1112 2076 1492 2158 perfectaque
1531 2074 1903 2136 beatitudine
1939 2074 2155 2158 potiar,
2184 2075 2249 2138 in

499 2164 622 2242 qua'
663 2159 869 2220 Deum
909 2181 972 2219 nn
1014 2168 1305 2219 aeternum
1352 2155 1731 2228 celebremb;
1778 2179 1959 2251 quam
1998 2156 2248 2239 quidem

501 2241 936 2303 beatitudinem
968 2263 1082 2302 nec
1111 2241 1321 2301 oculus
1345 2239 1514 2314 vidit,
1542 2262 1653 2300 nec
1682 2261 1839 2301 auris
1868 2238 2115 2315 audivit,
2137 2261 2249 2303 nec

501 2324 658 2385 ullus
689 2325 875 2385 bomo
903 2323 1264 2406 cogitatione
1295 2321 1758 2405 comprehendit
1778 2333 1821 2382 θ.

584 2419 683 2482 59.
711 2407 803 2468 At
832 2428 967 2468 cum
997 2406 1119 2469 Iunc
1146 2406 1348 2467 omnia
1371 2405 1588 2480 credi-5,
1612 2405 1764 2488 quid
1786 2404 2080 2467 utilitatis
2106 2403 2251 2469 inde

499 2489 585 2549 ad
607 2498 667 2550 te
693 2490 855 2550 redit
877 2489 915 2548 9

583 2571 762 2640 Quod
795 2571 853 2630 in
884 2570 1129 2632 Christo
1147 2570 1350 2650 justus
1381 2590 1515 2630 sum
1547 2589 1749 2629 coram
1776 2567 1934 2645 Deo,
1961 2578 2025 2631 et
2058 2568 2248 2633 haere·

497 2652 634 2714 vitoe
663 2664 898 2714 aeternoe
915 2651 963 2713 ⁶.

582 2735 685 2796 60.
722 2735 1034 2800 Quomodo
1041 2734 1354 2816 justu-ses
1381 2755 1583 2795 coram
1612 2733 1751 2795 Deo
1775 2735 1815 2794 ,⁹

582 2818 723 2879 Sola
765 2816 885 2878 fide
926 2839 1063 2878 vera
1104 2817 1169 2877 in
1195 2817 1409 2877 Jesum
1441 2816 1835 2887 Christum&
1879 2815 2028 2879 adeo
2070 2828 2138 2879 ut
2178 2817 2249 2878 li-

498 2912 594 2961 cet
625 2922 758 2962 mea
788 2922 887 2961 me
915 2899 1283 2962 conscientia
1312 2910 1570 2973 accuset,
1597 2898 1759 2980 quod
1802 2897 2081 2962 adversus
2113 2922 2245 2962 om-

499 2983 599 3044 nia
657 2982 940 3044 mandata
986 2981 1107 3044 Dei
1162 2981 1418 3064 graviter
1466 2981 1856 3064 peccaverim,
1892 3004 2007 3043 nec
2048 2982 2244 3044 ullum

499 3088 704 3127 eorum
738 3065 1088 3127 servaverim
1110 3063 1143 3136 ⁸,
1173 3063 1248 3124 ad
1281 3063 1413 3125 baec
1439 3065 1772 3126 etiamnum
1804 3062 1879 3126 ad
1906 3086 2090 3126 omne
2117 3086 2246 3127 ma-

566 3198 583 3220 ⁸
614 3206 631 3238 ι
665 3192 776 3239 Cor.
796 3189 890 3239 xiii.
912 3204 960 3254 5,
986 3190 1033 3239 6.
1084 3187 1208 3240 Phil.
1228 3188 1276 3237 ii.
1296 3205 1343 3251 4.
1361 3204 1408 3253 5,
1425 3191 1474 3238 6.
1612 3194 1626 3221 ‘
1662 3206 1675 3238 ι
1705 3190 1818 3239 Joh.
1837 3188 1883 3239 ii.
1908 3205 1953 3239 ο.
2014 3206 2042 3240 2
2063 3191 2176 3240 Cor.
2201 3206 2242 3239 r.

508 3272 581 3320 ¹9·
608 3273 687 3305 21.
790 3264 813 3287 ¹¹
842 3257 943 3308 Jer.
963 3254 1083 3307 xxxi.
1109 3270 1191 3320 34.
1248 3256 1372 3305 Paul.
1396 3256 1490 3306 ciii.
1517 3272 1631 3321 3‚4‚
1656 3272 1730 3314 ιο,
1756 3273 1829 3307 12.
1890 3258 2034 3307 Rom.
2058 3256 2136 3305 vii.
2164 3271 2244 3319 ²⁴·

501 3337 581 3399 ‚²⁵-
605 3334 655 3372 et
677 3322 767 3372 viii.
800 3339 944 3387 1—4.
1078 3331 1102 3355 ⁸
1125 3323 1239 3372 soh.
1259 3322 1325 3372 iii.
1352 3324 1427 3372 18.
1567 3332 1589 3365 5
1615 3324 1735 3401 Luc.
1754 3323 1879 3373 xxiii.
1897 3339 1979 3387 43.
2035 3322 2160 3374 Phili

499 3405 911 3506 }i÷?¹2’.²²1›=.²;i³m.
937 3400 1015 3506 ;ι’.
1041 3392 1150 3488 0οῗ
1171 3403 1456 3514 ζνοὲἶῖιὸἷ,
1475 3391 2023 3522 deb-gtfgggjiffae·
2086 3390 2239 3503 {ios

502 3522 603 3571 xvii.
632 3539 677 3585 3.
813 3523 836 3556 ⁴¹
863 3525 1048 3574 Habac.
1073 3523 1120 3572 ii.
1147 3539 1194 3585 4.
1254 3525 1399 3574 Rom.
1420 3523 1450 3573 i.
1485 3539 1558 3588 ¹7·
1616 3524 1727 3572 soh.
1750 3524 1813 3573 iii.
1831 3525 1910 3588 36.
2045 3529 2067 3554 ·
2094 3521 2241 3571 Rom.

502 3587 563 3634 iii.
597 3593 808 3640 21—28.
834 3601 883 3639 et
903 3608 942 3640 v.
977 3607 1016 3640 ι.
1093 3590 1201 3640 Gal.
1226 3590 1276 3641 ii.
1313 3590 1384 3640 16.
1458 3591 1584 3656 Epi..
1612 3590 1656 3641 ii.
1691 3591 1737 3646 8.
1767 3606 1817 3655 9.
1888 3586 2239 3654 stffipp-iii.9‚

502 3651 519 3683 '
549 3654 691 3703 Rom.
725 3655 788 3704 iii.
820 3672 868 3720 9.
