2418 4172
0 0 28 1246 ᾑῂῄ-’ἿῊΜΒ

823 307 1359 360 ΗΕῙΝΕΤῙΟΑ.
1894 314 1964 369 79

217 450 636 512 nunciatorum
684 470 719 509 a
763 460 1125 520 consecrato,
1165 461 1225 509 et
1270 449 1373 541 qui
1425 448 1640 510 habeat
1687 452 1965 514 intentio-

220 553 359 595 nem
411 530 814 607 consecrandi,
860 544 966 592 aut
1014 532 1189 591 rebus
1240 530 1369 591 aliis
1419 530 1777 606 adventitiis,
1826 556 1963 614 quae

218 635 415 698 neque
460 613 709 688 Christi,
757 635 955 694 neque
1008 613 1437 696 apostolorum,
1482 614 1573 673 vel
1627 616 1826 688 verbo,
1873 618 1961 677 vel

217 696 500 781 exemplo
529 697 700 757 nobis
729 694 1059 757 traduntur.
1148 696 1367 776 Neque
1398 698 1725 778 probamus
1755 720 1962 759 eorum

217 800 461 862 quoque
501 778 857 853 doctrinam,
894 778 995 859 qui
1042 778 1117 839 de
1162 779 1548 840 sacramentis
1592 780 1838 862 perinde
1882 781 1966 841 lo-

216 873 504 944 quuntur,
554 873 619 922 ut
669 861 853 944 signis
902 862 1350 934 communibus,
1398 884 1519 921 non
1581 863 1964 924 sanctificatis

216 956 324 1006 aut
350 943 708 1006 efficacibus.
795 944 1014 1024 Neque
1058 966 1158 1004 eos
1206 946 1552 1027 probamuS,
1580 945 1683 1025 qui
1725 959 1967 1028 propter

212 1025 559 1099 invisibilia,
578 1044 971 1109 aspernantur
1000 1027 1058 1087 in
1091 1027 1478 1087 sacramentis
1498 1028 1771 1102 visibilia,
1794 1028 1967 1088 adeo-

216 1130 337 1192 que
381 1109 550 1192 signa
597 1109 710 1170 sibi
750 1109 1004 1170 credunt
1041 1110 1165 1171 fore
1204 1132 1657 1192 supervacanea,
1686 1110 1846 1191 quod
1880 1134 1967 1172 re-

218 1192 332 1255 bus
360 1193 571 1273 sejam
607 1191 722 1252 frui
755 1193 1137 1266 arbitrantur,
1167 1194 1373 1273 quales
1405 1193 1755 1254 Messaliani
1787 1193 1966 1254 fuisse

216 1273 517 1337 dicuntur.
592 1274 814 1356 Neque
840 1297 979 1335 vero
1009 1276 1412 1358 approbamus
1443 1276 1692 1337 istorum
1724 1299 1965 1358 quoque

217 1356 575 1430 doctrinam,
612 1358 717 1437 qui
762 1356 981 1418 docent
1028 1357 1301 1439 gratiam,
1337 1370 1398 1419 et
1446 1381 1536 1419 res
1583 1359 1965 1442 significatas,

216 1439 403 1523 signis
433 1441 516 1501 ita
544 1439 768 1532 alligari
800 1458 861 1501 et
890 1440 1136 1513 includi,
1165 1454 1231 1501 ut
1261 1441 1607 1522 quicunque
1645 1442 1829 1524 signis
1863 1464 1966 1503 ex-

217 1522 402 1584 terius
451 1522 832 1605 participent,
879 1522 1063 1583 etiam
1122 1523 1367 1583 interius
1415 1525 1620 1605 gratioe
1669 1526 1964 1606 rebusque

216 1603 587 1687 significatis,
614 1604 936 1686 participes
966 1605 1103 1678 sint,
1132 1605 1337 1684 quales
1368 1607 1574 1685 quales
1604 1607 1741 1667 sint.

266 1685 551 1748 luten-im
598 1686 754 1746 sicut
799 1708 833 1746 a
878 1685 1191 1767 dignitate,
1220 1686 1309 1745 vel
1360 1686 1716 1768 indignitate
1761 1688 1966 1748 minis·

215 1779 467 1842 trorum,
508 1790 628 1828 non
682 1768 1054 1829 aestimamus
1109 1768 1512 1850 integritatem
1568 1783 1967 1831 sacramento-

182 1872 372 1926 ²rum,
398 1850 483 1912 ita
521 1873 717 1932 neque
756 1874 789 1911 a
822 1850 1167 1912 conditione
1196 1852 1584 1913 sumentium.
1672 1853 1964 1935 Agnosci-

215 1955 354 1996 mus
390 1933 551 1995 enim
603 1946 1111 1995 sacramentorum
1159 1934 1583 2016 integritatem,
1610 1958 1685 1997 ex
1723 1936 1842 1996 fide
1870 1937 1960 1996 vel

214 2014 463 2078 veritate
521 2038 803 2098 metaque
853 2017 1120 2077 bonitate
1173 2017 1295 2078 Dei
1354 2017 1708 2100 dependere.
1795 2018 1965 2080 Sicut

216 2098 383 2160 enim
410 2100 658 2160 verbum
706 2099 824 2159 Dei
872 2111 1074 2160 manet
1112 2121 1318 2160 verum
1362 2103 1610 2162 verbum
1656 2101 1798 2174 Dei,
1841 2124 1964 2182 quo

217 2202 338 2243 non
370 2192 606 2243 tantum
639 2183 817 2243 verba
846 2181 1008 2242 nuda
1036 2182 1378 2255 recitantur,
1406 2182 1551 2243 dum
1586 2183 1964 2266 praedicatur,

215 2262 320 2325 aed
364 2264 544 2325 simul
591 2286 626 2324 a
669 2264 809 2325 Deo
851 2265 1179 2325 offeruntur
1222 2287 1313 2324 res
1352 2266 1545 2326 verbis
1591 2266 1962 2348 significatae,

206 2345 309 2407 vel
358 2346 760 2421 annunciatae,
802 2347 1039 2407 tametsi
1094 2346 1263 2429 impii
1311 2348 1404 2407 vel
1452 2348 1739 2410 increduli
1782 2350 1963 2411 verba

213 2427 480 2503 audiant,
509 2440 571 2490 et
610 2429 966 2512 intelligant,
995 2430 1172 2489 rebus
1215 2441 1418 2490 tamen
1459 2430 1803 2512 significatis
1842 2454 1959 2493 non

211 2510 630 2595 perfruantur3
674 2535 746 2572 eo
788 2512 1124 2593 quodvera
1168 2512 1288 2573 fide
1333 2535 1452 2573 non
1499 2514 1823 2596 recipiant:
1867 2515 1963 2576 Ita

212 2606 586 2656 sacramenta
613 2596 816 2668 verbo,
851 2595 1054 2677 signis,
1092 2607 1154 2656 et
1196 2596 1372 2656 rebus
1416 2596 1785 2678 significatiS,
1822 2621 1963 2659 con-

211 2677 450 2751 stantia,
481 2691 727 2739 manent
747 2700 886 2739 vera
913 2690 975 2739 et
1003 2679 1232 2760 integra
1261 2692 1652 2753 sacramenta,
1682 2703 1799 2739 non
1831 2694 1962 2740 tan-

206 2770 348 2821 -tum
378 2759 778 2843 significantia
806 2784 898 2823 res
928 2784 1140 2836 sacraS,
1169 2761 1272 2821 sed
1301 2762 1440 2823 Deo
1469 2763 1750 2823 offerente
1779 2763 1958 2823 etiam

212 2863 307 2903 res
355 2842 739 2937 significatas,
785 2845 1020 2905 tametsi
1075 2843 1362 2905 increduli
1415 2867 1505 2904 res
1559 2846 1788 2905 oblatas
1839 2868 1958 2905 non

203 2925 564 3009 percipiant.
651 2927 751 2988 Fit
798 2927 913 2989 hoc
960 2949 1079 2987 non
1120 2927 1316 2988 dantis
1357 2940 1460 2987 aut
1501 2927 1799 2987 offerentis
1838 2927 1957 2989 Dei

213 3006 380 3082 vitio,
405 3009 507 3070 sed
540 3009 858 3075 hominum
890 3010 1016 3070 sine
1047 3009 1167 3071 fide
1196 3010 1628 3091 illegitimeque
1664 3011 1960 3092 aecipien-

213 3088 367 3150 tium
398 3092 607 3175 culpa:
651 3081 907 3174 quorilm
951 3092 1332 3153 incredulitas
1363 3092 1544 3153 fldem
1578 3092 1695 3153 Dei
1732 3093 1956 3153 irritam

215 3193 335 3233 non
367 3172 529 3248 facit,
557 3173 737 3235 Rom.
769 3176 851 3235 iii.

299 3254 481 3315 Porro
517 3277 655 3316 eum
700 3278 845 3317 mox
888 3258 965 3317 ab
1005 3257 1194 3330 initio,
1222 3257 1463 3337 quando
1497 3256 1836 3338 expositum
1868 3269 1960 3318 est

213 3336 358 3419 quid
407 3337 527 3398 sint
573 3351 962 3410 sacramenta,
1005 3340 1226 3420 pariter
1265 3352 1324 3398 et
1361 3339 1555 3398 obiter
1588 3338 1957 3421 explicatum

213 3419 294 3482 sit
330 3419 403 3480 ad
434 3420 581 3501 quid
622 3423 743 3481 sint
782 3420 1074 3493 instituta,
1103 3442 1224 3480 non
1265 3433 1356 3479 est
1384 3419 1544 3501 quod
1584 3421 1769 3482 semel
1797 3420 1958 3483 dicta

213 3523 354 3564 cum
387 3502 659 3564 molestia
697 3514 1059 3582 repetantur.
1142 3503 1598 3585 consequenter
1624 3525 1768 3587 ergo
1796 3504 1959 3587 sigil-

206 3585 382 3646 latim
412 3585 683 3648 dicemus
713 3585 788 3646 de
820 3586 953 3646 novi
987 3585 1193 3670 populi
1226 3586 1629 3647 sacramentis.

1661 3777 1694 3789 s
