2418 4172
1710 148 1747 189 λ

538 365 615 417 32
1172 366 1663 421 CONFESSIO

539 528 614 566 co
658 504 803 567 ‘tare
825 505 1048 588 aliquid
1072 507 1233 583 boni,
1254 508 1533 569 2Cor.iii.
1579 508 1832 568 Constat
1853 529 1992 568 vero
2016 520 2283 570 mentem

540 526 1073 664 vef'intellectum,
1102 590 1319 651 ducem
1365 613 1492 651 esse
1521 590 1865 663 voluntatis,
1894 613 2032 651 cum
2078 603 2281 652 autem

539 692 736 732 caecus
767 672 843 732 sit
869 671 1014 745 dux,
1037 673 1219 734 claret
1287 695 1557 754 uousque
1579 685 1641 734 ct
1660 674 1935 733 voluntas
1959 674 2280 756 pertingat.

542 753 795 814 Proinde
826 754 1060 815 nullum
1091 768 1182 816 est
1217 779 1249 815 a
1323 757 1546 816 bonum
1594 756 1821 816 homini
1861 755 2171 816 arbitrium
2211 755 2283 815 li-

540 837 772 910 berum,
798 837 1067 899 nondum
1099 851 1323 911 renato,
1353 839 1502 899 vires
1532 838 1710 898 nullae
1741 838 1812 898 ad
1844 836 2278 919 perficiendum

540 920 788 980 bonum.
865 919 1170 981 Dominus
1202 921 1261 981 in
1292 919 1622 1001 Evangelio
1652 920 1818 994 dicit,
1838 921 2057 992 Amen,
2086 941 2281 993 amen,

538 1001 671 1063 dieo
697 1002 880 1074 vobis,
901 1003 1063 1085 qnod
1078 1005 1267 1065 omnis
1286 1003 1393 1085 qui
1398 1002 1576 1085 facit
1595 1011 1931 1084 peccatum,
1950 1024 2163 1064 servus
2190 1011 2283 1065 est

531 1085 788 1164 peccati,
814 1086 993 1146 Joan.
1025 1084 1144 1146 viii.
1231 1085 1315 1146 Et
1346 1085 1567 1145 Paulus
1597 1085 1923 1166 apostolus,
1949 1086 2128 1147 Rom.
2156 1085 2279 1148 viii.

537 1165 822 1310 ψοίας
840 1168 1059 1241 carnis,
1078 1167 1295 1248 inquit,
1306 1168 1621 1228 inimicitia
1638 1176 1730 1227 est
1746 1168 2037 1230 adversus
2056 1169 2278 1230 Deum.

606 1271 706 1311 am
734 1249 862 1331 legi
890 1250 1019 1310 Dei
1050 1272 1164 1311 non
1196 1250 1499 1322 subditur,
1527 1250 1645 1309 imo
1678 1269 1758 1310 ne
1779 1258 1982 1330 potest
2018 1252 2277 1335 quidm.

537 1332 721 1391 Porro
749 1343 1113 1392 terrenarum
1147 1353 1343 1392 rerum
1376 1330 1771 1411 intelligentia
1800 1330 1860 1391 in
1886 1333 2054 1415 lapso
2085 1334 2281 1394 homi·

535 1435 629 1488 ne,
659 1436 778 1473 non
808 1425 898 1474 est
929 1414 1110 1474 nulla.
1172 1412 1472 1493 ,Reliquit
1514 1413 1678 1473 enim
1715 1412 1887 1474 Deus
1929 1436 2004 1475 ex
2049 1415 2283 1476 miseri-

533 1495 735 1556 cordia
795 1496 1128 1578 ingenium,
1173 1496 1432 1557 multum
1492 1507 1693 1556 tamen
1753 1495 2000 1571 distans,
2048 1498 2125 1558 ab
2186 1520 2279 1572 eo,

532 1578 697 1660 quod
728 1578 917 1639 inerat
945 1592 1085 1639 ante
1115 1581 1370 1661 lapsum.
1453 1578 1645 1639 Jubet
1673 1578 1844 1639 Deus
1879 1580 2154 1642 excolere
2189 1580 2280 1641 in-

533 1662 799 1743 genium,
828 1673 889 1721 et
918 1661 1083 1722 addit
1110 1661 1269 1722 dona
1298 1661 1477 1721 simul
1507 1673 1569 1720 et
1598 1662 1954 1743 profectum.
2038 1662 2123 1724 Et
2154 1685 2280 1724 ma-

534 1743 817 1804 nifestum
850 1755 959 1817 est,
986 1766 1169 1825 quam
1205 1744 1351 1805 nihil
1383 1743 1769 1826 proficiamus
1801 1744 1860 1804 in
1892 1744 2118 1806 artibus
2147 1767 2279 1807 om-

533 1826 710 1887 nibus
740 1826 868 1886 sine
898 1826 1314 1887 benedictione
1335 1825 1475 1887 Dei.
1560 1826 1868 1909 Scriptura
1888 1839 2048 1888 certe
2065 1850 2277 1888 omnes

533 1920 686 1970 artes
731 1909 806 1970 ad
835 1909 1039 1970 Deum
1086 1910 1281 1970 refert.
1367 1909 1530 1970 Nam
1578 1921 1639 1970 et
1680 1910 1905 1971 ethnici
1947 1911 2278 1973 retulerunt

532 1992 748 2053 artium
782 1992 1040 2074 origines
1070 1992 1144 2052 ad
1172 1993 1507 2052 inventores
1539 1990 1700 2052 deos.

615 2075 926 2136 Postremo
963 2074 1311 2147 videndum,
1341 2097 1416 2136 an
1455 2074 1780 2155 regenerati
1821 2074 1942 2135 sint
1977 2076 2145 2137 liberi
2184 2099 2279 2138 ar·

531 2156 714 2232 bitrii,
736 2170 797 2218 et
826 2168 1139 2239 quatenus.
1224 2158 1298 2218 In
1338 2157 1802 2239 regeneratione,
1830 2158 2172 2220 intellectus
2207 2159 2279 2221 il-

531 2240 860 2301 luminatur
898 2262 1006 2323 per
1033 2239 1327 2323 Spiritum
1358 2240 1671 2315 Sanctum,
1702 2251 1769 2300 ut
1802 2252 1863 2301 et
1902 2241 2188 2335 mysteria
2214 2254 2279 2304 et

529 2322 898 2384 voluntatem
939 2323 1058 2384 Dei
1103 2323 1417 2404 intelligat.
1502 2322 1586 2383 Et
1631 2323 1913 2384 voluntas
1964 2345 2109 2406 ipsa,
2154 2347 2276 2385 non

529 2416 764 2466 tantum
812 2416 1080 2467 mutatur
1122 2428 1228 2487 per
1255 2406 1569 2487 Spiritum,
1599 2405 1701 2466 sed
1738 2406 1922 2467 etiam
1966 2406 2278 2469 instruitur

531 2486 934 2561 facultatibus,
963 2499 1031 2549 ut
1061 2499 1276 2571 sponte
1306 2488 1447 2548 velit
1479 2488 1548 2548 et'
1576 2488 1764 2570 possit
1802 2490 2051 2551 bonum.
2136 2489 2275 2551 Nisi

531 2569 647 2630 hoc
688 2569 1047 2644 dederimus,
1083 2571 1436 2651 negabimus
1466 2571 1874 2633 Christianam
1917 2572 2277 2647 libertatem,

527 2664 589 2713 et
617 2651 974 2714 inducemus
1004 2653 1257 2735 legalem
1290 2654 1655 2715 servitutem.
1737 2654 1855 2715 Sed
1886 2666 1947 2715 et
1980 2655 2277 2738 propheta

527 2733 671 2796 facit
725 2734 927 2796 Deum
989 2735 1372 2817 loquentem:
1400 2765 1407 2772 ·
1446 2737 1627 2798 Dabo
1690 2737 1885 2820 legem
1956 2758 2151 2799 meam
2211 2739 2277 2800 in

527 2825 755 2879 mentes
782 2817 1046 2889 illorum,
1070 2827 1130 2880 et
1160 2820 1221 2879 in
1252 2819 1532 2880 cordibus
1561 2841 1765 2880 eorum
1796 2820 2124 2884 inscribam
2153 2842 2276 2883 eas.

527 2899 835 2961 Dominus
863 2922 1104 2981 quoque
1133 2901 1279 2963 dicit
1315 2902 1374 2961 in
1406 2901 1772 2983 Evangelio:
1819 2902 1892 2963 Si
1929 2902 2132 2965 filius
2170 2926 2276 2965 vos

528 2982 893 3058 liberaverit,
912 3004 1055 3045 vere
1083 2983 1260 3046 liber-i
1288 2985 1450 3045 estis.
1514 2985 1732 3045 Paulus
1755 3006 1998 3067 quoque
2019 2985 2093 3047 ad
2119 2986 2272 3047 Phil.

534 3065 722 3127 Vobis
754 3066 1043 3127 donatwn
1087 3076 1195 3142 est,
1224 3067 1439 3147 inquit,
1460 3089 1578 3148 pro
1613 3067 1879 3139 Christo,
1907 3090 2026 3129 non
2060 3067 2274 3143 solum,

528 3158 598 3210 ut
625 3150 691 3210 in
721 3169 856 3211 eum
886 3149 1167 3225 credatis,
1193 3150 1304 3212 sed
1338 3150 1519 3211 etiam
1548 3158 1616 3211 ue
1643 3172 1762 3232 pro
1790 3149 1897 3212 illo
1922 3152 2272 3249 potiamini.

528 3231 610 3292 Et
640 3233 878 3305 iterum,
910 3232 1286 3306 Persuasum
1315 3233 1518 3308 habe0,
1547 3233 1711 3317 quod
1747 3234 1802 3294 is
1884 3256 1945 3295 m
1989 3235 2168 3316 σαρξί
2209 3235 2273 3297 in

527 3315 691 3375 vobis
734 3315 945 3377 bonum
990 3337 1139 3397 opus
1172 3315 1453 3400 perficiet
1493 3338 1684 3400 usque
1718 3317 1804 3378 ad
1868 3318 1985 3379 iem
2017 3316 2276 3380 Domini

525 3396 697 3457 Jesn.
765 3398 943 3473 Item,
960 3398 1138 3462 Deus
1164 3408 1255 3462 est
1283 3400 1391 3483 qui
1418 3399 1554 3483 agit
1583 3400 1645 3461 in
1672 3400 1853 3475 vobis,
1875 3408 1937 3462 et
1955 3408 2026 3462 ut
2053 3398 2273 3473 velitis,

529 3487 587 3538 et
616 3487 683 3538 ut
713 3478 1010 3572 efficiatis,

616 3560 736 3621 Ubn
770 3563 1006 3625 interim
1038 3563 1160 3625 duo
1192 3564 1561 3627 observanda
1595 3587 1725 3627 esse
1756 3563 2062 3627 docemus.
2148 3563 2270 3625 Pri·

531 3664 720 3717 mum,
763 3657 1136 3726 regeneratos
1180 3647 1241 3708 in
1285 3647 1426 3709 boni
1470 3647 1762 3709 electione
1803 3658 1863 3708 et
1905 3645 2271 3730 operatione,
