<?xml version="1.0" encoding="UTF-8"?>
<!DOCTYPE html PUBLIC "-//W3C//DTD XHTML 1.0 Transitional//EN"
    "http://www.w3.org/TR/xhtml1/DTD/xhtml1-transitional.dtd">
<html xmlns="http://www.w3.org/1999/xhtml" xml:lang="en" lang="en">
 <head>
  <title>
</title>
<meta http-equiv="Content-Type" content="text/html;charset=utf-8" />
  <meta name='ocr-system' content='tesseract 3.04.00' />
  <meta name='ocr-capabilities' content='ocr_page ocr_carea ocr_par ocr_line ocrx_word'/>
</head>
<body>
  <div class='ocr_page' id='page_1' title='image "./syllogeconfessio00oxfouoft_0066.png"; bbox 0 0 2418 4172; ppageno 0'>
   <div class='ocr_carea' id='block_1_1' title="bbox 481 351 1602 411">
    <p class='ocr_par' dir='ltr' id='par_1_1' title="bbox 481 351 1602 411">
     <span class='ocr_line' id='line_1_1' title="bbox 481 351 1602 411; baseline -0.005 0"><span class='ocrx_word' id='word_1_1' title='bbox 481 355 554 411; x_wconf 71' lang='lat'>44</span> <span class='ocrx_word' id='word_1_2' title='bbox 1110 351 1602 407; x_wconf 82' lang='lat' dir='ltr'>CONFESSIO</span> 
     </span>
    </p>
   </div>
   <div class='ocr_carea' id='block_1_2' title="bbox 562 545 2150 715">
    <p class='ocr_par' dir='ltr' id='par_1_2' title="bbox 562 545 2150 715">
     <span class='ocr_line' id='line_1_2' title="bbox 562 545 2150 695; baseline -0.003 -82"><span class='ocrx_word' id='word_1_3' title='bbox 562 549 669 614; x_wconf 87' lang='lat' dir='ltr'>De</span> <span class='ocrx_word' id='word_1_4' title='bbox 696 547 1040 695; x_wconf 51' lang='grc' dir='ltr'>Ευαηεξὶἰο</span> <span class='ocrx_word' id='word_1_5' title='bbox 1058 548 1216 694; x_wconf 54' lang='lat' dir='ltr'>Jgstf</span> <span class='ocrx_word' id='word_1_6' title='bbox 1250 546 1607 694; x_wconf 54' lang='grc' dir='ltr'>ξ’]ιήεὲἱὶιζιε</span> <span class='ocrx_word' id='word_1_7' title='bbox 1634 545 2150 611; x_wconf 65' lang='lat' dir='ltr'>Promis-sionibus</span> 
     </span>
     <span class='ocr_line' id='line_1_3' title="bbox 910 652 1715 715; baseline -0.001 -21"><span class='ocrx_word' id='word_1_8' title='bbox 910 654 1073 709; x_wconf 74' lang='lat' dir='ltr'>tem,</span> <span class='ocrx_word' id='word_1_9' title='bbox 1143 654 1424 715; x_wconf 59' lang='lat' dir='ltr'>perime</span> <span class='ocrx_word' id='word_1_10' title='bbox 1539 652 1715 693; x_wconf 75' lang='lat' dir='ltr'>tera.</span> 
     </span>
    </p>
   </div>
   <div class='ocr_carea' id='block_1_3' title="bbox 479 761 2231 995">
    <p class='ocr_par' dir='ltr' id='par_1_3' title="bbox 479 761 2231 995">
     <span class='ocr_line' id='line_1_4' title="bbox 1254 761 1444 823; baseline -0.011 0"><span class='ocrx_word' id='word_1_11' title='bbox 1254 761 1444 823; x_wconf 85' lang='lat' dir='ltr'>xm.</span> 
     </span>
     <span class='ocr_line' id='line_1_5' title="bbox 479 887 2231 995; baseline -0.001 -27"><span class='ocrx_word' id='word_1_12' title='bbox 479 887 1101 969; x_wconf 80' lang='lat' dir='ltr'><strong>EVANGELIUM</strong></span> <span class='ocrx_word' id='word_1_13' title='bbox 1152 900 1403 983; x_wconf 83' lang='lat' dir='ltr'>quidem</span> <span class='ocrx_word' id='word_1_14' title='bbox 1453 900 1781 995; x_wconf 65' lang='lat' dir='ltr'>oppopitur</span> <span class='ocrx_word' id='word_1_15' title='bbox 1838 899 1976 982; x_wconf 70' lang='lat' dir='ltr'>legi.</span> <span class='ocrx_word' id='word_1_16' title='bbox 2060 897 2231 966; x_wconf 75' lang='lat' dir='ltr'>Nm</span> 
     </span>
    </p>
   </div>
   <div class='ocr_carea' id='block_1_4' title="bbox 474 979 2236 1727">
    <p class='ocr_par' dir='ltr' id='par_1_4' title="bbox 474 979 2236 1727">
     <span class='ocr_line' id='line_1_6' title="bbox 478 979 2232 1069; baseline -0.002 -23"><span class='ocrx_word' id='word_1_17' title='bbox 478 984 576 1048; x_wconf 84' lang='lat' dir='ltr'>lex</span> <span class='ocrx_word' id='word_1_18' title='bbox 641 986 789 1047; x_wconf 88' lang='lat' dir='ltr'>iram</span> <span class='ocrx_word' id='word_1_19' title='bbox 848 997 1148 1069; x_wconf 77' lang='lat' dir='ltr'><strong>operatur,</strong></span> <span class='ocrx_word' id='word_1_20' title='bbox 1207 997 1268 1046; x_wconf 89' lang='lat' dir='ltr'>et</span> <span class='ocrx_word' id='word_1_21' title='bbox 1329 983 1815 1046; x_wconf 76' lang='lat' dir='ltr'>maledictionem</span> <span class='ocrx_word' id='word_1_22' title='bbox 1884 979 2232 1049; x_wconf 74' lang='lat' dir='ltr'>annunciat.</span> 
     </span>
     <span class='ocr_line' id='line_1_7' title="bbox 475 1062 2236 1151; baseline -0.002 -21"><span class='ocrx_word' id='word_1_23' title='bbox 475 1068 877 1151; x_wconf 78' lang='lat' dir='ltr'>Evangelium</span> <span class='ocrx_word' id='word_1_24' title='bbox 921 1089 1060 1129; x_wconf 87' lang='lat' dir='ltr'>vero</span> <span class='ocrx_word' id='word_1_25' title='bbox 1098 1067 1349 1148; x_wconf 76' lang='lat' dir='ltr'><strong>gratiam</strong></span> <span class='ocrx_word' id='word_1_26' title='bbox 1395 1079 1456 1128; x_wconf 84' lang='lat' dir='ltr'>et</span> <span class='ocrx_word' id='word_1_27' title='bbox 1497 1066 1975 1127; x_wconf 80' lang='lat' dir='ltr'>benedictionem</span> <span class='ocrx_word' id='word_1_28' title='bbox 2064 1062 2236 1126; x_wconf 69' lang='lat' dir='ltr'>mdi-</span> 
     </span>
     <span class='ocr_line' id='line_1_8' title="bbox 477 1146 2235 1231; baseline -0.002 -18"><span class='ocrx_word' id='word_1_29' title='bbox 477 1164 590 1213; x_wconf 91' lang='lat' dir='ltr'>cat.</span> <span class='ocrx_word' id='word_1_30' title='bbox 676 1151 793 1213; x_wconf 85' lang='lat' dir='ltr'>Sed</span> <span class='ocrx_word' id='word_1_31' title='bbox 839 1163 901 1212; x_wconf 86' lang='lat' dir='ltr'>et</span> <span class='ocrx_word' id='word_1_32' title='bbox 948 1150 1219 1212; x_wconf 83' lang='lat' dir='ltr'>Joannes</span> <span class='ocrx_word' id='word_1_33' title='bbox 1265 1146 1431 1223; x_wconf 89' lang='lat' dir='ltr'>dicit,</span> <span class='ocrx_word' id='word_1_34' title='bbox 1464 1172 1597 1231; x_wconf 87' lang='lat' dir='ltr'>cap.</span> <span class='ocrx_word' id='word_1_35' title='bbox 1632 1148 1671 1209; x_wconf 93' lang='lat' dir='ltr'>i.</span> <span class='ocrx_word' id='word_1_36' title='bbox 1701 1148 1836 1210; x_wconf 67' lang='lat' dir='ltr'>Lea·</span> <span class='ocrx_word' id='word_1_37' title='bbox 1868 1170 1982 1230; x_wconf 84' lang='lat' dir='ltr'>per</span> <span class='ocrx_word' id='word_1_38' title='bbox 2089 1168 2235 1209; x_wconf 71' lang='lat' dir='ltr'>osen</span> 
     </span>
     <span class='ocr_line' id='line_1_9' title="bbox 478 1230 2236 1317; baseline -0.002 -21"><span class='ocrx_word' id='word_1_39' title='bbox 478 1235 626 1296; x_wconf 77' lang='lat' dir='ltr'>data</span> <span class='ocrx_word' id='word_1_40' title='bbox 664 1243 772 1307; x_wconf 75' lang='lat' dir='ltr'>est,</span> <span class='ocrx_word' id='word_1_41' title='bbox 797 1232 1015 1317; x_wconf 78' lang='lat' dir='ltr'>gratia</span> <span class='ocrx_word' id='word_1_42' title='bbox 1044 1240 1104 1294; x_wconf 84' lang='lat' dir='ltr'>et</span> <span class='ocrx_word' id='word_1_43' title='bbox 1142 1233 1372 1294; x_wconf 68' lang='lat' dir='ltr'>veritas</span> <span class='ocrx_word' id='word_1_44' title='bbox 1392 1253 1511 1313; x_wconf 80' lang='lat' dir='ltr'>per</span> <span class='ocrx_word' id='word_1_45' title='bbox 1540 1230 1759 1292; x_wconf 65' lang='lat' dir='ltr'>«lesum</span> <span class='ocrx_word' id='word_1_46' title='bbox 1794 1231 2105 1293; x_wconf 66' lang='lat' dir='ltr'>Clu-istun</span> <span class='ocrx_word' id='word_1_47' title='bbox 2132 1251 2236 1293; x_wconf 65' lang='lat' dir='ltr'>ew-</span> 
     </span>
     <span class='ocr_line' id='line_1_10' title="bbox 474 1313 2235 1388; baseline -0.001 -11"><span class='ocrx_word' id='word_1_48' title='bbox 474 1325 613 1379; x_wconf 79' lang='lat' dir='ltr'>orta</span> <span class='ocrx_word' id='word_1_49' title='bbox 640 1325 745 1378; x_wconf 79' lang='lat' dir='ltr'>est.</span> <span class='ocrx_word' id='word_1_50' title='bbox 832 1315 1251 1376; x_wconf 82' lang='lat' dir='ltr'>Nihilominus</span> <span class='ocrx_word' id='word_1_51' title='bbox 1290 1326 1493 1374; x_wconf 89' lang='lat' dir='ltr'>tamen</span> <span class='ocrx_word' id='word_1_52' title='bbox 1537 1313 2072 1381; x_wconf 77' lang='lat' dir='ltr'>certissimumest</span> <span class='ocrx_word' id='word_1_53' title='bbox 2109 1332 2235 1388; x_wconf 78' lang='lat' dir='ltr'>eos,</span> 
     </span>
     <span class='ocr_line' id='line_1_11' title="bbox 476 1394 2236 1480; baseline -0.001 -20"><span class='ocrx_word' id='word_1_54' title='bbox 476 1399 580 1480; x_wconf 88' lang='lat' dir='ltr'>qui</span> <span class='ocrx_word' id='word_1_55' title='bbox 613 1412 751 1460; x_wconf 89' lang='lat' dir='ltr'>ante</span> <span class='ocrx_word' id='word_1_56' title='bbox 774 1399 968 1480; x_wconf 87' lang='lat' dir='ltr'>legem</span> <span class='ocrx_word' id='word_1_57' title='bbox 1001 1409 1063 1458; x_wconf 90' lang='lat' dir='ltr'>et</span> <span class='ocrx_word' id='word_1_58' title='bbox 1091 1398 1205 1458; x_wconf 89' lang='lat' dir='ltr'>sub</span> <span class='ocrx_word' id='word_1_59' title='bbox 1233 1397 1365 1479; x_wconf 89' lang='lat' dir='ltr'>lege</span> <span class='ocrx_word' id='word_1_60' title='bbox 1394 1397 1655 1469; x_wconf 85' lang='lat' dir='ltr'>fuerunt,</span> <span class='ocrx_word' id='word_1_61' title='bbox 1677 1418 1798 1457; x_wconf 92' lang='lat' dir='ltr'>non</span> <span class='ocrx_word' id='word_1_62' title='bbox 1820 1394 2073 1463; x_wconf 74' lang='lat' dir='ltr'>omnino</span> <span class='ocrx_word' id='word_1_63' title='bbox 2098 1394 2236 1459; x_wconf 71' lang='lat' dir='ltr'>des·</span> 
     </span>
     <span class='ocr_line' id='line_1_12' title="bbox 476 1477 2236 1561; baseline -0.002 -18"><span class='ocrx_word' id='word_1_64' title='bbox 476 1481 687 1543; x_wconf 90' lang='lat' dir='ltr'>titutos</span> <span class='ocrx_word' id='word_1_65' title='bbox 717 1482 901 1542; x_wconf 87' lang='lat' dir='ltr'>fuisse</span> <span class='ocrx_word' id='word_1_66' title='bbox 930 1480 1281 1561; x_wconf 80' lang='lat' dir='ltr'>Evangelio,</span> <span class='ocrx_word' id='word_1_67' title='bbox 1370 1479 1736 1541; x_wconf 80' lang='lat' dir='ltr'>Habuerunt</span> <span class='ocrx_word' id='word_1_68' title='bbox 1772 1479 1936 1540; x_wconf 90' lang='lat' dir='ltr'>enim</span> <span class='ocrx_word' id='word_1_69' title='bbox 1978 1477 2236 1561; x_wconf 73' lang='lat' dir='ltr'>promis—</span> 
     </span>
     <span class='ocr_line' id='line_1_13' title="bbox 476 1560 2236 1647; baseline -0.001 -21"><span class='ocrx_word' id='word_1_70' title='bbox 476 1565 672 1627; x_wconf 89' lang='lat' dir='ltr'>siones</span> <span class='ocrx_word' id='word_1_71' title='bbox 701 1564 1073 1647; x_wconf 85' lang='lat' dir='ltr'>evangelicas</span> <span class='ocrx_word' id='word_1_72' title='bbox 1114 1562 1397 1643; x_wconf 81' lang='lat' dir='ltr'>insignes,</span> <span class='ocrx_word' id='word_1_73' title='bbox 1425 1564 1633 1644; x_wconf 86' lang='lat' dir='ltr'>quales</span> <span class='ocrx_word' id='word_1_74' title='bbox 1666 1562 1758 1623; x_wconf 85' lang='lat' dir='ltr'>hae</span> <span class='ocrx_word' id='word_1_75' title='bbox 1792 1573 1969 1624; x_wconf 75' lang='lat' dir='ltr'>suntz</span> <span class='ocrx_word' id='word_1_76' title='bbox 2013 1560 2236 1625; x_wconf 65' lang='lat' dir='ltr'>Sennea</span> 
     </span>
     <span class='ocr_line' id='line_1_14' title="bbox 476 1645 2236 1727; baseline -0.001 -18"><span class='ocrx_word' id='word_1_77' title='bbox 476 1647 755 1710; x_wconf 76' lang='lat' dir='ltr'>mulieris</span> <span class='ocrx_word' id='word_1_78' title='bbox 783 1646 1155 1709; x_wconf 75' lang='lat' dir='ltr'>conculcabit</span> <span class='ocrx_word' id='word_1_79' title='bbox 1185 1655 1367 1727; x_wconf 82' lang='lat' dir='ltr'>caput</span> <span class='ocrx_word' id='word_1_80' title='bbox 1393 1646 1709 1727; x_wconf 65' lang='lat' dir='ltr'>serpentis.</span> <span class='ocrx_word' id='word_1_81' title='bbox 1773 1645 1849 1708; x_wconf 81' lang='lat' dir='ltr'>In</span> <span class='ocrx_word' id='word_1_82' title='bbox 1875 1645 2103 1707; x_wconf 75' lang='lat' dir='ltr'>semine</span> <span class='ocrx_word' id='word_1_83' title='bbox 2127 1652 2236 1708; x_wconf 74' lang='lat' dir='ltr'>tuo</span> 
     </span>
    </p>
   </div>
   <div class='ocr_carea' id='block_1_5' title="bbox 477 1725 2349 1828">
    <p class='ocr_par' dir='ltr' id='par_1_5' title="bbox 477 1725 2349 1828">
     <span class='ocr_line' id='line_1_15' title="bbox 477 1725 2349 1828; baseline -0.001 -36"><span class='ocrx_word' id='word_1_84' title='bbox 477 1731 901 1792; x_wconf 77' lang='lat' dir='ltr'>benedicentur</span> <span class='ocrx_word' id='word_1_85' title='bbox 941 1751 1145 1828; x_wconf 54' lang='lat' dir='ltr'>omnes</span> <span class='ocrx_word' id='word_1_86' title='bbox 1180 1738 1415 1826; x_wconf 58' lang='lat' dir='ltr'>gentes·</span> <span class='ocrx_word' id='word_1_87' title='bbox 1500 1729 1646 1790; x_wconf 79' lang='lat' dir='ltr'>Non</span> <span class='ocrx_word' id='word_1_88' title='bbox 1697 1725 2026 1812; x_wconf 67' lang='lat' dir='ltr'>afferetur</span> <span class='ocrx_word' id='word_1_89' title='bbox 2069 1748 2238 1810; x_wconf 72' lang='lat' dir='ltr'>scep-</span> <span class='ocrx_word' id='word_1_90' title='bbox 2339 1754 2349 1768; x_wconf 77' lang='lat'><strong><em>¹</em></strong></span> 
     </span>
    </p>
   </div>
   <div class='ocr_carea' id='block_1_6' title="bbox 474 1810 2239 3473">
    <p class='ocr_par' dir='ltr' id='par_1_6' title="bbox 477 1810 2237 2041">
     <span class='ocr_line' id='line_1_16' title="bbox 478 1810 2237 1894; baseline 0.001 -19"><span class='ocrx_word' id='word_1_91' title='bbox 478 1822 645 1881; x_wconf 74' lang='lat' dir='ltr'>trum</span> <span class='ocrx_word' id='word_1_92' title='bbox 674 1814 749 1879; x_wconf 84' lang='lat' dir='ltr'>de</span> <span class='ocrx_word' id='word_1_93' title='bbox 783 1813 976 1887; x_wconf 78' lang='lat' dir='ltr'><em>Juda,</em></span> <span class='ocrx_word' id='word_1_94' title='bbox 1003 1814 1122 1874; x_wconf 74' lang='lat' dir='ltr'>nist</span> <span class='ocrx_word' id='word_1_95' title='bbox 1153 1834 1332 1894; x_wconf 78' lang='lat' dir='ltr'>prms</span> <span class='ocrx_word' id='word_1_96' title='bbox 1357 1812 1592 1874; x_wconf 77' lang='lat' dir='ltr'>venerit</span> <span class='ocrx_word' id='word_1_97' title='bbox 1622 1811 1771 1874; x_wconf 76' lang='lat' dir='ltr'>Silo.</span> <span class='ocrx_word' id='word_1_98' title='bbox 1857 1810 2237 1893; x_wconf 65' lang='lat' dir='ltr'>Prophetam</span> 
     </span>
     <span class='ocr_line' id='line_1_17' title="bbox 477 1892 2237 1978; baseline 0 -19"><span class='ocrx_word' id='word_1_99' title='bbox 477 1897 769 1960; x_wconf 68' lang='lat' dir='ltr'>excitabit</span> <span class='ocrx_word' id='word_1_100' title='bbox 807 1896 1113 1959; x_wconf 75' lang='lat' dir='ltr'>Dominus</span> <span class='ocrx_word' id='word_1_101' title='bbox 1151 1896 1225 1958; x_wconf 83' lang='lat' dir='ltr'>de</span> <span class='ocrx_word' id='word_1_102' title='bbox 1266 1895 1461 1957; x_wconf 78' lang='lat' dir='ltr'>medio</span> <span class='ocrx_word' id='word_1_103' title='bbox 1474 1892 1785 1978; x_wconf 82' lang='lat' dir='ltr'><strong><em>fratrum,</em></strong></span> <span class='ocrx_word' id='word_1_104' title='bbox 1814 1896 1927 1957; x_wconf 59' lang='lat' dir='ltr'>&amp;a</span> <span class='ocrx_word' id='word_1_105' title='bbox 2011 1894 2237 1959; x_wconf 75' lang='lat' dir='ltr'>Genes-</span> 
     </span>
     <span class='ocr_line' id='line_1_18' title="bbox 479 1977 2020 2041; baseline 0 -1"><span class='ocrx_word' id='word_1_106' title='bbox 479 1979 562 2041; x_wconf 88' lang='lat' dir='ltr'>iii.</span> <span class='ocrx_word' id='word_1_107' title='bbox 591 1980 736 2041; x_wconf 86' lang='lat' dir='ltr'>xxii.</span> <span class='ocrx_word' id='word_1_108' title='bbox 768 1980 914 2041; x_wconf 84' lang='lat' dir='ltr'>xlix.</span> <span class='ocrx_word' id='word_1_109' title='bbox 946 1979 1385 2040; x_wconf 84' lang='lat' dir='ltr'>Deuteronom.</span> <span class='ocrx_word' id='word_1_110' title='bbox 1415 1978 1578 2038; x_wconf 83' lang='lat' dir='ltr'>xviii.</span> <span class='ocrx_word' id='word_1_111' title='bbox 1609 1979 1902 2041; x_wconf 87' lang='lat' dir='ltr'>Actorum</span> <span class='ocrx_word' id='word_1_112' title='bbox 1937 1977 2020 2040; x_wconf 83' lang='lat' dir='ltr'>iii.</span> 
     </span>
    </p>

    <p class='ocr_par' dir='ltr' id='par_1_7' title="bbox 478 2059 2239 2311">
     <span class='ocr_line' id='line_1_19' title="bbox 561 2059 2234 2155; baseline -0.001 -30"><span class='ocrx_word' id='word_1_113' title='bbox 561 2063 646 2125; x_wconf 90' lang='lat' dir='ltr'>Et</span> <span class='ocrx_word' id='word_1_114' title='bbox 666 2062 912 2145; x_wconf 90' lang='lat' dir='ltr'>quidem</span> <span class='ocrx_word' id='word_1_115' title='bbox 934 2061 1316 2144; x_wconf 78' lang='lat' dir='ltr'>agnoscimus</span> <span class='ocrx_word' id='word_1_116' title='bbox 1334 2061 1611 2122; x_wconf 88' lang='lat' dir='ltr'>Patribus</span> <span class='ocrx_word' id='word_1_117' title='bbox 1632 2060 1756 2121; x_wconf 90' lang='lat' dir='ltr'>duo</span> <span class='ocrx_word' id='word_1_118' title='bbox 1776 2059 1959 2122; x_wconf 80' lang='lat' dir='ltr'>fuisse</span> <span class='ocrx_word' id='word_1_119' title='bbox 1972 2060 2234 2155; x_wconf 85' lang='lat' dir='ltr'>promis-</span> 
     </span>
     <span class='ocr_line' id='line_1_20' title="bbox 478 2142 2234 2228; baseline -0.001 -22"><span class='ocrx_word' id='word_1_120' title='bbox 478 2147 716 2208; x_wconf 86' lang='lat' dir='ltr'>sionum</span> <span class='ocrx_word' id='word_1_121' title='bbox 751 2167 988 2228; x_wconf 87' lang='lat' dir='ltr'>genera,</span> <span class='ocrx_word' id='word_1_122' title='bbox 1016 2145 1190 2206; x_wconf 89' lang='lat' dir='ltr'>sicuti</span> <span class='ocrx_word' id='word_1_123' title='bbox 1222 2156 1284 2205; x_wconf 84' lang='lat' dir='ltr'>et</span> <span class='ocrx_word' id='word_1_124' title='bbox 1312 2143 1507 2219; x_wconf 86' lang='lat' dir='ltr'>nobis,</span> <span class='ocrx_word' id='word_1_125' title='bbox 1534 2142 1810 2205; x_wconf 86' lang='lat' dir='ltr'>revelata.</span> <span class='ocrx_word' id='word_1_126' title='bbox 1886 2143 2042 2207; x_wconf 73' lang='lat' dir='ltr'>Aluoe</span> <span class='ocrx_word' id='word_1_127' title='bbox 2069 2142 2234 2206; x_wconf 80' lang='lat' dir='ltr'>enim</span> 
     </span>
     <span class='ocr_line' id='line_1_21' title="bbox 478 2226 2239 2311; baseline 0.001 -21"><span class='ocrx_word' id='word_1_128' title='bbox 478 2241 648 2290; x_wconf 89' lang='lat' dir='ltr'>erant</span> <span class='ocrx_word' id='word_1_129' title='bbox 664 2250 862 2290; x_wconf 87' lang='lat' dir='ltr'>rerum</span> <span class='ocrx_word' id='word_1_130' title='bbox 895 2228 1300 2311; x_wconf 77' lang='lat' dir='ltr'>praesentium,</span> <span class='ocrx_word' id='word_1_131' title='bbox 1321 2227 1415 2288; x_wconf 87' lang='lat' dir='ltr'>vel</span> <span class='ocrx_word' id='word_1_132' title='bbox 1446 2238 1840 2301; x_wconf 90' lang='lat' dir='ltr'>terrenarum,</span> <span class='ocrx_word' id='word_1_133' title='bbox 1863 2226 2072 2308; x_wconf 80' lang='lat' dir='ltr'>quales</span> <span class='ocrx_word' id='word_1_134' title='bbox 2093 2238 2239 2294; x_wconf 71' lang='lat' dir='ltr'>sunt</span> 
     </span>
    </p>

    <p class='ocr_par' dir='ltr' id='par_1_8' title="bbox 474 2310 2239 3473">
     <span class='ocr_line' id='line_1_22' title="bbox 522 2310 2239 2391; baseline -0.001 -19"><span class='ocrx_word' id='word_1_135' title='bbox 522 2312 903 2373; x_wconf 75' lang='lat' dir='ltr'>remissiones</span> <span class='ocrx_word' id='word_1_136' title='bbox 931 2310 1007 2373; x_wconf 86' lang='lat' dir='ltr'>de</span> <span class='ocrx_word' id='word_1_137' title='bbox 1036 2323 1191 2372; x_wconf 88' lang='lat' dir='ltr'>terra</span> <span class='ocrx_word' id='word_1_138' title='bbox 1219 2310 1532 2384; x_wconf 89' lang='lat' dir='ltr'>Chanaan‚</span> <span class='ocrx_word' id='word_1_139' title='bbox 1557 2310 1634 2371; x_wconf 86' lang='lat' dir='ltr'>de</span> <span class='ocrx_word' id='word_1_140' title='bbox 1663 2310 1955 2382; x_wconf 78' lang='lat' dir='ltr'>victoriis;</span> <span class='ocrx_word' id='word_1_141' title='bbox 1997 2320 2063 2372; x_wconf 88' lang='lat' dir='ltr'>et</span> <span class='ocrx_word' id='word_1_142' title='bbox 2088 2331 2239 2391; x_wconf 67' lang='lat' dir='ltr'>qua-</span> 
     </span>
     <span class='ocr_line' id='line_1_23' title="bbox 478 2334 2236 2475; baseline -0.001 -19"><span class='ocrx_word' id='word_1_143' title='bbox 478 2334 566 2456; x_wconf 50' lang='lat' dir='ltr'>les</span> <span class='ocrx_word' id='word_1_144' title='bbox 600 2394 777 2456; x_wconf 91' lang='lat' dir='ltr'>hodie</span> <span class='ocrx_word' id='word_1_145' title='bbox 806 2394 1005 2455; x_wconf 89' lang='lat' dir='ltr'>adhuc</span> <span class='ocrx_word' id='word_1_146' title='bbox 1034 2405 1175 2455; x_wconf 92' lang='lat' dir='ltr'>sunt</span> <span class='ocrx_word' id='word_1_147' title='bbox 1203 2392 1279 2454; x_wconf 87' lang='lat' dir='ltr'>de</span> <span class='ocrx_word' id='word_1_148' title='bbox 1308 2415 1463 2475; x_wconf 87' lang='lat' dir='ltr'>pane</span> <span class='ocrx_word' id='word_1_149' title='bbox 1491 2392 1863 2473; x_wconf 89' lang='lat' dir='ltr'>quotidiano.</span> <span class='ocrx_word' id='word_1_150' title='bbox 1917 2391 2075 2455; x_wconf 78' lang='lat' dir='ltr'>Aliae</span> <span class='ocrx_word' id='word_1_151' title='bbox 2095 2412 2236 2454; x_wconf 79' lang='lat' dir='ltr'>vero</span> 
     </span>
     <span class='ocr_line' id='line_1_24' title="bbox 480 2474 2237 2549; baseline 0.001 -10"><span class='ocrx_word' id='word_1_152' title='bbox 480 2489 648 2538; x_wconf 82' lang='lat' dir='ltr'>crant</span> <span class='ocrx_word' id='word_1_153' title='bbox 677 2490 844 2549; x_wconf 89' lang='lat' dir='ltr'>tunc,</span> <span class='ocrx_word' id='word_1_154' title='bbox 870 2487 934 2538; x_wconf 88' lang='lat' dir='ltr'>et</span> <span class='ocrx_word' id='word_1_155' title='bbox 961 2488 1101 2536; x_wconf 90' lang='lat' dir='ltr'>sunt</span> <span class='ocrx_word' id='word_1_156' title='bbox 1128 2476 1312 2537; x_wconf 91' lang='lat' dir='ltr'>etiam</span> <span class='ocrx_word' id='word_1_157' title='bbox 1349 2497 1532 2548; x_wconf 86' lang='lat' dir='ltr'>nunc,</span> <span class='ocrx_word' id='word_1_158' title='bbox 1562 2497 1759 2536; x_wconf 85' lang='lat' dir='ltr'>rerum</span> <span class='ocrx_word' id='word_1_159' title='bbox 1799 2474 2141 2539; x_wconf 82' lang='lat' dir='ltr'>eoelestium</span> <span class='ocrx_word' id='word_1_160' title='bbox 2171 2488 2237 2541; x_wconf 83' lang='lat' dir='ltr'>et</span> 
     </span>
     <span class='ocr_line' id='line_1_25' title="bbox 480 2558 2091 2641; baseline -0.001 -20"><span class='ocrx_word' id='word_1_161' title='bbox 480 2571 860 2632; x_wconf 64' lang='lat' dir='ltr'>aeternarum,</span> <span class='ocrx_word' id='word_1_162' title='bbox 890 2559 1093 2641; x_wconf 81' lang='lat' dir='ltr'>gratiae</span> <span class='ocrx_word' id='word_1_163' title='bbox 1123 2558 1399 2620; x_wconf 84' lang='lat' dir='ltr'>videlicet</span> <span class='ocrx_word' id='word_1_164' title='bbox 1427 2558 1663 2632; x_wconf 68' lang='lat' dir='ltr'>divinae,</span> <span class='ocrx_word' id='word_1_165' title='bbox 1691 2558 2057 2620; x_wconf 78' lang='lat' dir='ltr'>remissionis</span> <span class='ocrx_word' id='word_1_166' title='bbox 2083 2620 2091 2627; x_wconf 73' lang='grc'><strong>,</strong></span> 
     </span>
     <span class='ocr_line' id='line_1_26' title="bbox 481 2640 2235 2724; baseline 0 -21"><span class='ocrx_word' id='word_1_167' title='bbox 481 2653 775 2714; x_wconf 87' lang='lat' dir='ltr'>catorum,</span> <span class='ocrx_word' id='word_1_168' title='bbox 801 2653 863 2703; x_wconf 91' lang='lat' dir='ltr'>et</span> <span class='ocrx_word' id='word_1_169' title='bbox 889 2642 1026 2703; x_wconf 82' lang='lat' dir='ltr'>vitoe</span> <span class='ocrx_word' id='word_1_170' title='bbox 1055 2654 1316 2715; x_wconf 81' lang='lat' dir='ltr'>aeternae‚</span> <span class='ocrx_word' id='word_1_171' title='bbox 1347 2664 1453 2724; x_wconf 86' lang='lat' dir='ltr'>per</span> <span class='ocrx_word' id='word_1_172' title='bbox 1483 2640 1664 2702; x_wconf 79' lang='lat' dir='ltr'>fldem</span> <span class='ocrx_word' id='word_1_173' title='bbox 1699 2642 1760 2702; x_wconf 92' lang='lat' dir='ltr'>in</span> <span class='ocrx_word' id='word_1_174' title='bbox 1786 2641 2004 2703; x_wconf 81' lang='lat' dir='ltr'>Jesum</span> <span class='ocrx_word' id='word_1_175' title='bbox 2024 2641 2235 2705; x_wconf 80' lang='lat' dir='ltr'>Chris·</span> 
     </span>
     <span class='ocr_line' id='line_1_27' title="bbox 481 2724 2237 2789; baseline 0.001 -2"><span class='ocrx_word' id='word_1_176' title='bbox 481 2736 633 2787; x_wconf 84' lang='lat' dir='ltr'>tum.</span> <span class='ocrx_word' id='word_1_177' title='bbox 721 2724 1087 2787; x_wconf 76' lang='lat' dir='ltr'>Habuerunt</span> <span class='ocrx_word' id='word_1_178' title='bbox 1115 2737 1318 2786; x_wconf 85' lang='lat' dir='ltr'>autem</span> <span class='ocrx_word' id='word_1_179' title='bbox 1350 2736 1576 2785; x_wconf 82' lang='lat' dir='ltr'>veteres</span> <span class='ocrx_word' id='word_1_180' title='bbox 1616 2746 1735 2785; x_wconf 87' lang='lat' dir='ltr'>non</span> <span class='ocrx_word' id='word_1_181' title='bbox 1766 2735 2003 2788; x_wconf 83' lang='lat' dir='ltr'>tantum</span> <span class='ocrx_word' id='word_1_182' title='bbox 2034 2736 2237 2789; x_wconf 71' lang='lat' dir='ltr'>exter-</span> 
     </span>
     <span class='ocr_line' id='line_1_28' title="bbox 482 2807 2236 2891; baseline 0.001 -23"><span class='ocrx_word' id='word_1_183' title='bbox 482 2830 587 2870; x_wconf 86' lang='lat' dir='ltr'>nas</span> <span class='ocrx_word' id='word_1_184' title='bbox 624 2808 717 2869; x_wconf 88' lang='lat' dir='ltr'>vel</span> <span class='ocrx_word' id='word_1_185' title='bbox 762 2818 1043 2883; x_wconf 83' lang='lat' dir='ltr'>terrenas,</span> <span class='ocrx_word' id='word_1_186' title='bbox 1078 2807 1182 2869; x_wconf 85' lang='lat' dir='ltr'>sed</span> <span class='ocrx_word' id='word_1_187' title='bbox 1228 2807 1567 2891; x_wconf 78' lang='lat' dir='ltr'>spirituales</span> <span class='ocrx_word' id='word_1_188' title='bbox 1609 2807 1792 2870; x_wconf 87' lang='lat' dir='ltr'>etiam</span> <span class='ocrx_word' id='word_1_189' title='bbox 1836 2807 2022 2871; x_wconf 81' lang='lat' dir='ltr'>coeles</span> <span class='ocrx_word' id='word_1_190' title='bbox 2160 2829 2236 2870; x_wconf 81' lang='lat' dir='ltr'>ue</span> 
     </span>
     <span class='ocr_line' id='line_1_29' title="bbox 480 2889 2237 2974; baseline 0 -22"><span class='ocrx_word' id='word_1_191' title='bbox 480 2890 927 2974; x_wconf 82' lang='lat' dir='ltr'>promissiones,</span> <span class='ocrx_word' id='word_1_192' title='bbox 962 2891 1021 2955; x_wconf 91' lang='lat' dir='ltr'>in</span> <span class='ocrx_word' id='word_1_193' title='bbox 1065 2891 1328 2954; x_wconf 86' lang='lat' dir='ltr'>Christo.</span> <span class='ocrx_word' id='word_1_194' title='bbox 1414 2890 1576 2952; x_wconf 90' lang='lat' dir='ltr'>Nam</span> <span class='ocrx_word' id='word_1_195' title='bbox 1624 2890 1699 2952; x_wconf 82' lang='lat' dir='ltr'>de</span> <span class='ocrx_word' id='word_1_196' title='bbox 1738 2889 1959 2966; x_wconf 74' lang='lat' dir='ltr'>salute,</span> <span class='ocrx_word' id='word_1_197' title='bbox 1995 2891 2081 2955; x_wconf 78' lang='lat' dir='ltr'>ait</span> <span class='ocrx_word' id='word_1_198' title='bbox 2173 2913 2237 2952; x_wconf 80' lang='lat' dir='ltr'>e-</span> 
     </span>
     <span class='ocr_line' id='line_1_30' title="bbox 480 2974 2237 3058; baseline 0 -22"><span class='ocrx_word' id='word_1_199' title='bbox 480 2986 626 3044; x_wconf 87' lang='lat' dir='ltr'>trus,</span> <span class='ocrx_word' id='word_1_200' title='bbox 672 2994 693 3036; x_wconf 85' lang='lat'>1</span> <span class='ocrx_word' id='word_1_201' title='bbox 739 2975 867 3036; x_wconf 80' lang='lat' dir='ltr'>Pet.</span> <span class='ocrx_word' id='word_1_202' title='bbox 910 2974 948 3035; x_wconf 90' lang='lat' dir='ltr'>i.</span> <span class='ocrx_word' id='word_1_203' title='bbox 993 2974 1442 3058; x_wconf 68' lang='lat' dir='ltr'>exquisivemnt</span> <span class='ocrx_word' id='word_1_204' title='bbox 1493 2982 1552 3035; x_wconf 77' lang='lat' dir='ltr'>et</span> <span class='ocrx_word' id='word_1_205' title='bbox 1599 2974 1866 3037; x_wconf 72' lang='lat' dir='ltr'>scrutati</span> <span class='ocrx_word' id='word_1_206' title='bbox 1903 2981 2050 3038; x_wconf 74' lang='lat' dir='ltr'>sunt</span> <span class='ocrx_word' id='word_1_207' title='bbox 2091 2994 2237 3056; x_wconf 77' lang='lat' dir='ltr'>pm-</span> 
     </span>
     <span class='ocr_line' id='line_1_31' title="bbox 474 3057 2236 3141; baseline 0.001 -22"><span class='ocrx_word' id='word_1_208' title='bbox 474 3057 688 3139; x_wconf 73' lang='lat' dir='ltr'>phetae,</span> <span class='ocrx_word' id='word_1_209' title='bbox 714 3058 822 3141; x_wconf 76' lang='lat' dir='ltr'>qui</span> <span class='ocrx_word' id='word_1_210' title='bbox 848 3058 925 3120; x_wconf 81' lang='lat' dir='ltr'>de</span> <span class='ocrx_word' id='word_1_211' title='bbox 950 3066 1212 3121; x_wconf 75' lang='lat' dir='ltr'>ventura</span> <span class='ocrx_word' id='word_1_212' title='bbox 1241 3058 1304 3119; x_wconf 75' lang='lat' dir='ltr'>in</span> <span class='ocrx_word' id='word_1_213' title='bbox 1334 3079 1443 3120; x_wconf 73' lang='lat' dir='ltr'>nos</span> <span class='ocrx_word' id='word_1_214' title='bbox 1475 3060 1693 3140; x_wconf 71' lang='lat' dir='ltr'>gratia</span> <span class='ocrx_word' id='word_1_215' title='bbox 1719 3057 2040 3120; x_wconf 69' lang='lat' dir='ltr'>vaticinati</span> <span class='ocrx_word' id='word_1_216' title='bbox 2071 3064 2236 3132; x_wconf 67' lang='lat' dir='ltr'>wat,</span> 
     </span>
     <span class='ocr_line' id='line_1_32' title="bbox 481 3139 2236 3224; baseline 0.001 -22"><span class='ocrx_word' id='word_1_217' title='bbox 481 3142 588 3202; x_wconf 76' lang='grc' dir='ltr'><strong>διο.</strong></span> <span class='ocrx_word' id='word_1_218' title='bbox 623 3140 805 3202; x_wconf 87' lang='lat' dir='ltr'>Unde</span> <span class='ocrx_word' id='word_1_219' title='bbox 832 3152 895 3202; x_wconf 86' lang='lat' dir='ltr'>et</span> <span class='ocrx_word' id='word_1_220' title='bbox 923 3140 1144 3204; x_wconf 88' lang='lat' dir='ltr'>Paulus</span> <span class='ocrx_word' id='word_1_221' title='bbox 1175 3141 1481 3224; x_wconf 85' lang='lat' dir='ltr'>apostolus</span> <span class='ocrx_word' id='word_1_222' title='bbox 1510 3139 1684 3214; x_wconf 85' lang='lat' dir='ltr'>dixit,</span> <span class='ocrx_word' id='word_1_223' title='bbox 1720 3141 1899 3202; x_wconf 85' lang='lat' dir='ltr'>Rom.</span> <span class='ocrx_word' id='word_1_224' title='bbox 1932 3139 1969 3203; x_wconf 89' lang='lat' dir='ltr'>i.</span> <span class='ocrx_word' id='word_1_225' title='bbox 2032 3139 2236 3204; x_wconf 78' lang='lat' dir='ltr'>Evan-</span> 
     </span>
     <span class='ocr_line' id='line_1_33' title="bbox 482 3222 2235 3308; baseline 0.002 -24"><span class='ocrx_word' id='word_1_226' title='bbox 482 3224 703 3302; x_wconf 83' lang='lat' dir='ltr'>geliurn</span> <span class='ocrx_word' id='word_1_227' title='bbox 735 3224 858 3288; x_wconf 85' lang='lat' dir='ltr'>Dei</span> <span class='ocrx_word' id='word_1_228' title='bbox 888 3236 1029 3287; x_wconf 84' lang='lat' dir='ltr'>ante</span> <span class='ocrx_word' id='word_1_229' title='bbox 1057 3224 1417 3307; x_wconf 86' lang='lat' dir='ltr'>promissum</span> <span class='ocrx_word' id='word_1_230' title='bbox 1449 3246 1580 3285; x_wconf 83' lang='lat' dir='ltr'>esse</span> <span class='ocrx_word' id='word_1_231' title='bbox 1608 3246 1716 3308; x_wconf 81' lang='lat' dir='ltr'>per</span> <span class='ocrx_word' id='word_1_232' title='bbox 1743 3223 2070 3306; x_wconf 80' lang='lat' dir='ltr'>prophetas</span> <span class='ocrx_word' id='word_1_233' title='bbox 2091 3222 2235 3298; x_wconf 77' lang='lat' dir='ltr'>Dei,</span> 
     </span>
     <span class='ocr_line' id='line_1_34' title="bbox 483 3306 2234 3390; baseline 0.002 -25"><span class='ocrx_word' id='word_1_234' title='bbox 483 3306 541 3366; x_wconf 88' lang='lat' dir='ltr'>in</span> <span class='ocrx_word' id='word_1_235' title='bbox 572 3307 895 3390; x_wconf 86' lang='lat' dir='ltr'>Scripturis</span> <span class='ocrx_word' id='word_1_236' title='bbox 933 3307 1172 3370; x_wconf 85' lang='lat' dir='ltr'>sanctis.</span> <span class='ocrx_word' id='word_1_237' title='bbox 1257 3306 1412 3370; x_wconf 85' lang='lat' dir='ltr'>Inde</span> <span class='ocrx_word' id='word_1_238' title='bbox 1450 3306 1735 3370; x_wconf 89' lang='lat' dir='ltr'>nimirum</span> <span class='ocrx_word' id='word_1_239' title='bbox 1775 3307 1981 3381; x_wconf 79' lang='lat' dir='ltr'>claret,</span> <span class='ocrx_word' id='word_1_240' title='bbox 2006 3317 2234 3372; x_wconf 63' lang='lat' dir='ltr'>vetuo·</span> 
     </span>
     <span class='ocr_line' id='line_1_35' title="bbox 483 3389 2010 3473; baseline 0.003 -26"><span class='ocrx_word' id='word_1_241' title='bbox 483 3410 601 3450; x_wconf 90' lang='lat' dir='ltr'>non</span> <span class='ocrx_word' id='word_1_242' title='bbox 635 3411 871 3470; x_wconf 85' lang='lat' dir='ltr'>prorsus</span> <span class='ocrx_word' id='word_1_243' title='bbox 900 3390 1219 3454; x_wconf 84' lang='lat' dir='ltr'>destitutos</span> <span class='ocrx_word' id='word_1_244' title='bbox 1248 3389 1430 3453; x_wconf 81' lang='lat' dir='ltr'>fuisse</span> <span class='ocrx_word' id='word_1_245' title='bbox 1458 3390 1623 3454; x_wconf 92' lang='lat' dir='ltr'>omni</span> <span class='ocrx_word' id='word_1_246' title='bbox 1656 3389 2010 3473; x_wconf 69' lang='lat' dir='ltr'>Evangelio.</span> 
     </span>
    </p>
   </div>
   <div class='ocr_carea' id='block_1_7' title="bbox 567 3469 2353 3552">
    <p class='ocr_par' dir='ltr' id='par_1_9' title="bbox 567 3469 2353 3552">
     <span class='ocr_line' id='line_1_36' title="bbox 567 3469 2353 3552; baseline 0.003 -22"><span class='ocrx_word' id='word_1_247' title='bbox 567 3471 646 3530; x_wconf 77' lang='lat' dir='ltr'>Et</span> <span class='ocrx_word' id='word_1_248' title='bbox 703 3474 977 3552; x_wconf 87' lang='lat' dir='ltr'>quamvis</span> <span class='ocrx_word' id='word_1_249' title='bbox 1028 3473 1102 3535; x_wconf 86' lang='lat' dir='ltr'>ad</span> <span class='ocrx_word' id='word_1_250' title='bbox 1156 3474 1317 3535; x_wconf 91' lang='lat' dir='ltr'>hunc</span> <span class='ocrx_word' id='word_1_251' title='bbox 1376 3474 1624 3536; x_wconf 86' lang='lat' dir='ltr'>modum</span> <span class='ocrx_word' id='word_1_252' title='bbox 1677 3474 1880 3534; x_wconf 78' lang='lat' dir='ltr'>Patres</span> <span class='ocrx_word' id='word_1_253' title='bbox 1931 3471 2115 3537; x_wconf 79' lang='lat' dir='ltr'>nostri</span> <span class='ocrx_word' id='word_1_254' title='bbox 2166 3472 2233 3535; x_wconf 83' lang='lat' dir='ltr'>in</span> <span class='ocrx_word' id='word_1_255' title='bbox 2346 3469 2353 3475; x_wconf 50' lang='lat'>⁸</span> 
     </span>
    </p>
   </div>
   <div class='ocr_carea' id='block_1_8' title="bbox 483 3553 2233 3722">
    <p class='ocr_par' dir='ltr' id='par_1_10' title="bbox 483 3553 2233 3722">
     <span class='ocr_line' id='line_1_37' title="bbox 483 3553 2233 3640; baseline 0.003 -30"><span class='ocrx_word' id='word_1_256' title='bbox 483 3553 802 3633; x_wconf 84' lang='lat' dir='ltr'>Scripturis</span> <span class='ocrx_word' id='word_1_257' title='bbox 876 3557 1262 3640; x_wconf 81' lang='lat' dir='ltr'>rophetarum</span> <span class='ocrx_word' id='word_1_258' title='bbox 1311 3557 1634 3618; x_wconf 83' lang='lat' dir='ltr'>habuerint</span> <span class='ocrx_word' id='word_1_259' title='bbox 1671 3553 2091 3637; x_wconf 78' lang='lat' dir='ltr'>Evangelium,</span> <span class='ocrx_word' id='word_1_260' title='bbox 2125 3577 2233 3638; x_wconf 80' lang='lat' dir='ltr'>per</span> 
     </span>
     <span class='ocr_line' id='line_1_38' title="bbox 483 3635 2232 3722; baseline 0.004 -28"><span class='ocrx_word' id='word_1_261' title='bbox 483 3635 643 3715; x_wconf 86' lang='lat' dir='ltr'>quod</span> <span class='ocrx_word' id='word_1_262' title='bbox 667 3648 727 3696; x_wconf 76' lang='lat' dir='ltr'>ot</span> <span class='ocrx_word' id='word_1_263' title='bbox 757 3659 819 3697; x_wconf 78' lang='lat' dir='ltr'>sa</span> <span class='ocrx_word' id='word_1_264' title='bbox 850 3651 1010 3699; x_wconf 85' lang='lat' dir='ltr'>utem</span> <span class='ocrx_word' id='word_1_265' title='bbox 1046 3639 1104 3698; x_wconf 95' lang='lat' dir='ltr'>in</span> <span class='ocrx_word' id='word_1_266' title='bbox 1130 3639 1378 3699; x_wconf 82' lang='lat' dir='ltr'>Christo</span> <span class='ocrx_word' id='word_1_267' title='bbox 1401 3661 1509 3722; x_wconf 85' lang='lat' dir='ltr'>per</span> <span class='ocrx_word' id='word_1_268' title='bbox 1528 3638 1712 3700; x_wconf 83' lang='lat' dir='ltr'>fidem</span> <span class='ocrx_word' id='word_1_269' title='bbox 1743 3637 2052 3700; x_wconf 82' lang='lat' dir='ltr'>consecuti</span> <span class='ocrx_word' id='word_1_270' title='bbox 2087 3650 2232 3701; x_wconf 85' lang='lat' dir='ltr'>sunt</span> 
     </span>
    </p>
   </div>
   <div class='ocr_carea' id='block_1_9' title="bbox 730 3834 761 3866">
    <p class='ocr_par' dir='ltr' id='par_1_11' title="bbox 730 3834 761 3866">
     <span class='ocr_line' id='line_1_39' title="bbox 730 3834 761 3866; baseline 0 0"><span class='ocrx_word' id='word_1_271' title='bbox 730 3834 761 3866; x_wconf 64' lang='grc' dir='ltr'><strong>θ</strong></span> 
     </span>
    </p>
   </div>
  </div>
 </body>
</html>
