2418 4172
419 354 493 410 94
1032 355 1522 411 CONFESSIO

421 516 566 579 gum
587 494 1004 558 mandatorum
1027 495 1168 572 Dei,
1186 500 1531 591 symbolum
1555 500 1698 561 item
1718 500 2170 584 Apostolorum,

420 578 750 642 orationem
772 600 856 661 qu
942 600 1016 640 ue
1031 578 1444 657 Dominicam,
1460 596 1520 644 et
1542 595 2053 647 sacramentorum
2077 606 2172 647 rs-

420 662 669 735 tionem‚
697 684 836 724 cum
880 685 914 724 a
940 662 1010 724 iis
1052 662 1182 744 ejus
1225 666 1457 747 generis
1501 666 1710 749 primis
1798 666 2083 751 rindpiis,
2108 679 2173 729 et

421 744 727 828 religionis
753 758 969 807 nostrae
998 747 1298 829 capitibus
1362 749 1656 833 raecipuis.
1716 688 1931 812 Fiidem
1949 770 2092 811 vero
2109 759 2172 812 et

421 827 799 911 diligentiam
826 827 925 890 hic
946 851 1115 890 suam
1141 829 1203 890 in
1227 770 1593 893 aqucendis
1616 832 1689 893 ad
1709 833 2169 894 catechismum

423 910 625 974 liberis
665 922 925 1005 pre-stet·
940 910 1235 1005 Ecclesia,
1264 914 1516 997 cupiens
1551 928 1612 977 et
1650 915 1920 998 gaudens
1956 915 2177 977 liberos

422 1015 562 1056 suos
591 1005 753 1055 recte
788 1005 1041 1055 institut.

506 1076 668 1138 Cum
699 1096 838 1136 vero
867 1096 1177 1157 nunquam
1211 1078 1580 1161 gravioribus
1607 1081 2044 1143 tentationibus
2070 1101 2178 1143 ex-

422 1158 603 1243 positi
632 1157 754 1219 sint
785 1158 1081 1232 homines,
1107 1181 1292 1240 quam
1328 1160 1476 1221 dum
1516 1162 1969 1226 infirmitatibus
2005 1185 2178 1226 exer-

422 1252 637 1303 centur
681 1252 786 1301 aut
826 1251 1138 1322 aegrotant,
1180 1243 1407 1303 morbis
1449 1265 1591 1304 cum
1637 1245 1826 1306 animi
1867 1258 2000 1308 tum
2042 1268 2176 1308 cor·

422 1324 584 1406 poris
612 1323 804 1394 fracti,
833 1343 1143 1403 nunquam
1176 1346 1320 1385 sane
1346 1326 1628 1387 convenit
1647 1339 1915 1410 pastores
1934 1327 2181 1390 ecclesi-

423 1427 593 1467 arum
626 1405 804 1466 saluti
832 1427 956 1466 suae
978 1406 1175 1489 gregis
1199 1408 1508 1490 invigilare
1529 1411 1884 1485 accuratius,
1904 1429 2088 1493 quam
2110 1410 2176 1472 in

424 1487 776 1569 hujusmodi
811 1489 1038 1548 morbis
1075 1504 1137 1551 et
1173 1490 1644 1554 infirmitatibus,
1732 1494 1995 1555 Visitent
2033 1513 2180 1577 ergo

424 1583 658 1633 mature
686 1582 1063 1653 aegrotantes,
1090 1586 1382 1636 vocentur
1409 1575 1555 1636 item
1594 1588 1826 1638 mature
1865 1578 1943 1639 ab
1985 1597 2180 1660 θεω-

425 1654 715 1726 tentibus,
744 1654 1043 1735 siquidem
1074 1677 1166 1718 res
1195 1657 1326 1740 ipsa
1360 1659 1768 1740 postulaverit,
1796 1660 2180 1722 consolentur

426 1749 630 1799 autem
661 1737 813 1810 illos,
841 1750 904 1797 et
934 1738 994 1798 in
1024 1761 1162 1800 vera
1190 1739 1311 1801 fide
1345 1743 1726 1815 confirment,
1759 1743 2035 1804 muniant
2074 1742 2181 1804 de-

427 1820 613 1901 nique
641 1831 850 1881 contra
877 1821 1241 1903 perniciosas
1270 1826 1506 1885 Satanae
1535 1826 1974 1908 suggestionem
2010 1826 2180 1888 insti·

425 1914 602 1964 tuant
630 1903 775 1964 item
808 1924 1012 1995 preces
1053 1905 1214 1988 apu'd
1251 1918 1643 1989 aegrotantem
1678 1907 2061 1982 domesticas,
2088 1930 2179 1983 ac,

427 1986 475 2046 si
506 2007 749 2047 necesse
779 1997 875 2059 sit,
903 1999 1224 2068 precentur
1251 2011 1360 2071 pro
1388 1992 1733 2071 agrotantis
1762 1993 1955 2054 salute
1992 1992 2178 2054 etiam

427 2068 488 2128 in
513 2080 679 2130 coetu
712 2068 975 2150 publico,
1005 2082 1356 2152 curentque,
1383 2094 1506 2152 quo
1535 2074 1787 2135 feliciter
1812 2096 1888 2135 ex
1931 2074 2048 2136 hoc
2089 2096 2183 2136 se-

427 2151 565 2212 culo
597 2151 833 2231 migret.
908 2152 1271 2234 Papisticam
1302 2155 1704 2216 visitationem
1744 2179 1882 2218 cum
1927 2178 2035 2219 sua
2077 2156 2182 2219 illa

427 2234 713 2295 unctione
742 2244 1032 2308 extrema,
1059 2236 1324 2298 diximus
1355 2239 1626 2320 superius
1658 2262 1765 2301 nos
1805 2262 1924 2301 non
1965 2261 2183 2324 appro-

428 2318 589 2390 bare,
619 2315 780 2398 quod
811 2317 1071 2380 absurda
1100 2320 1341 2395 habeat,
1368 2332 1431 2381 et
1470 2344 1503 2382 a
1540 2323 1849 2407 Scriptura
1890 2344 2182 2387 canonica

427 2422 548 2460 non
578 2401 959 2483 approbetur.

990 2594 1609 2636 *-

453 2746 559 2808 De
587 2745 923 2828 Sepultura
954 2745 1275 2845 fidelium,
1312 2748 1596 2847 Curaque
1615 2771 1735 2848 pro
1764 2749 2038 2814 Mortuis
2058 2773 2167 2838 ge-

484 2829 697 2905 renda,
727 2830 803 2892 de
830 2829 1214 2913 Purgatur-10
1245 2840 1305 2892 et
1335 2832 1745 2916 Apparmone
1773 2833 2135 2919 Spiritum·

1183 3002 1425 3065 XXVI.

436 3138 910 3218 FIDELIUM
942 3176 1209 3240 corpora,
1235 3168 1300 3218 ut
1330 3156 1589 3240 Spiritus
1619 3156 1823 3218 Sancti
1856 3157 2187 3241 templget

434 3261 567 3321 quae
597 3239 660 3300 in
687 3238 907 3301 ultimo
928 3238 1028 3300 die
1051 3251 1211 3301 recte
1232 3239 1559 3302 creduntur
1579 3252 1996 3316 resurrectura,
2006 3241 2186 3324 ,iubet

435 3323 742 3405 Scriptura
770 3321 1022 3384 honeste
1057 3323 1284 3405 absque
1323 3322 1745 3407 superstitione
1783 3323 1974 3385 humo
2015 3339 2187 3384 man-

435 3403 595 3475 dare,
624 3404 727 3466 sed
757 3415 819 3466 et
848 3403 1164 3468 honestam
1193 3426 1425 3480 eorum,
1453 3406 1557 3490 qui
1588 3418 1794 3469 sancte
1820 3406 1882 3468 in
1912 3403 2186 3468 Domino

436 3485 945 3563 obdormiverunt‚
989 3489 1361 3551 mentionem
1422 3490 1634 3562 facere,
1679 3487 2028 3570 relictisque
2082 3508 2186 3548 eo-

437 3588 592 3640 rum,
622 3580 691 3629 ut
717 3569 910 3631 viduis
938 3583 1001 3633 et
1028 3572 1295 3656 pupillis,
1312 3573 1515 3634 omnia
1545 3570 1785 3656 pietatis
1811 3567 2009 3633 officis
2035 3590 2185 3655 prn-

439 3660 630 3711 staret
676 3650 853 3711 aliam
900 3673 1021 3715 non
1066 3654 1354 3716 docemus
1399 3676 1510 3738 pro
1553 3652 1806 3715 mortuis
1839 3673 2046 3717 curam
2082 3675 2188 3738 ge·
