2418 4172
789 412 888 466 SA
902 411 961 467 X
971 411 1021 467 Ο
1032 412 1083 467 N
1095 410 1124 467 1
1136 411 1267 467 CA.
1790 414 1900 470 817

152 553 387 617 donum
431 566 574 615 nota
616 554 713 630 sit,
750 566 1023 639 tempora
1065 554 1338 637 flagitant
1377 551 1897 617 emendationem:

150 646 215 698 et
241 636 354 698 nisi
386 638 815 720 gubernatores
840 639 1139 700 curabunt
1176 649 1380 698 extare
1414 634 1766 697 illustratam
1797 659 1902 698 ve-

149 718 410 794 ritatem,
452 741 689 814 magnae
737 719 1154 781 distractiones
1202 719 1557 801 opinionum
1608 730 1899 779 secuturoe

150 813 311 876 sunt,
332 816 660 886 praesertim
692 823 831 863 cum
863 802 925 861 in
956 801 1070 861 hac
1096 812 1402 882 postrema
1424 798 1635 860 mundi
1660 812 1901 861 senecta

149 883 287 967 plus
314 883 734 946 confusionum
768 881 1134 965 impendeat.
1206 881 1354 942 Ideo
1388 881 1652 964 synodus
1682 882 1900 957 videat,

147 986 229 1027 ne
256 965 633 1027 manifestam
663 965 975 1026 veritatem
1005 964 1270 1025 damnet.
1355 962 1439 1025 Et
1468 964 1516 1024 si
1591 965 1647 1025 ie
1674 964 1900 1026 delibe-

145 1059 346 1109 ratura
371 1058 483 1121 est,
510 1047 821 1129 quomodo
847 1046 1285 1108 consulendum
1330 1047 1407 1108 sit
1450 1069 1555 1109 ecc
1580 1047 1736 1121 caiis,
1764 1060 1826 1109 et
1864 1071 1900 1109 a

146 1129 324 1191 nobis
379 1129 701 1192 declaratio
756 1130 1050 1213 copiosior
1105 1141 1379 1212 petetur:
1437 1129 1701 1212 eligendi
1757 1142 1900 1192 sunt

145 1211 260 1272 viri
285 1212 524 1285 eruditi,
556 1213 957 1307 intelligentes
986 1224 1046 1274 et
1076 1224 1346 1273 amantes
1374 1213 1708 1288 veritatem,
1734 1226 1796 1275 et
1824 1214 1900 1275 ti-

148 1307 383 1356 mentes
410 1294 635 1370 Deum,
664 1317 766 1376 qui
797 1296 874 1356 de
904 1296 998 1356 his
1029 1296 1211 1356 tantis
1241 1296 1417 1356 rebus
1456 1296 1637 1365 simul
1673 1295 1901 1358 delibe-

148 1389 299 1438 nent.
380 1376 518 1439 Nec
554 1389 790 1438 tantum
833 1400 1085 1439 numero
1124 1378 1535 1459 suffragiorum
1581 1379 1895 1440 nobiscum

148 1470 444 1530 certetur:
487 1481 626 1521 cum
661 1461 1044 1521 manifestum
1078 1461 1155 1521 sit
1182 1482 1258 1521 ex
1290 1461 1498 1522 multis
1519 1461 1899 1544 praejudiciis,

147 1540 294 1636 quid
333 1541 648 1604 Romanus
687 1542 959 1626 pontifex
995 1554 1058 1604 et
1086 1543 1262 1603 multi
1294 1543 1393 1604 alii
1423 1545 1477 1604 ei
1508 1543 1727 1605 addicti
1765 1566 1901 1605 sen-

147 1634 321 1699 tiant,
348 1624 451 1705 qui
484 1636 575 1685 tot
591 1624 721 1704 jam
755 1646 943 1685 annos
971 1647 1091 1685 non
1123 1625 1319 1685 solum
1343 1625 1540 1687 edicta
1559 1637 1765 1686 contra
1788 1649 1898 1687 nos

145 1705 436 1787 sangnine
464 1705 686 1787 scripta
714 1706 1049 1779 ediderunt,
1078 1706 1182 1767 sed
1212 1707 1391 1766 etiam
1431 1708 1658 1768 multos
1694 1708 1899 1768 nobis-

145 1804 287 1848 cum
330 1787 656 1847 sentientes
706 1781 1164 1848 interfecerunt:
1222 1800 1285 1848 et
1334 1788 1510 1849 multi
1557 1788 1895 1850 doctrinam

142 1889 257 1930 nec
314 1869 673 1952 intelligant,
724 1892 836 1930 nec
893 1882 1122 1943 curent,
1168 1869 1291 1944 sed,
1335 1870 1601 1953 profanis
1700 1894 1900 1933 ersua-

143 1950 412 2013 sionibns
454 1952 695 2027 imbuti,
737 1952 1087 2013 existiment
1128 1953 1246 2014 hoc
1294 1953 1598 2037 praecipue
1641 1893 1893 2036 dignum

144 2054 275 2095 esse
301 2034 563 2116 politicis
590 2034 751 2108 viris,
779 2035 1097 2096 defendere
1125 2047 1480 2117 praesentem
1526 2037 1806 2112 formam,
1834 2050 1898 2099 et

145 2116 298 2177 tueri
342 2116 722 2178 autoritatem
769 2138 981 2187 suam:
1025 2129 1085 2177 et
1129 2117 1204 2178 ad
1249 2118 1406 2178 hanc
1448 2140 1575 2179 rem
1613 2132 1898 2199 quaerunt

145 2196 453 2260 ministros
492 2198 760 2272 idoneos,
789 2200 892 2280 qui
925 2200 1369 2282 sophismatum
1400 2201 1716 2283 praestigiis
1746 2203 1900 2263 veri-

146 2291 334 2343 tatem
368 2280 634 2343 eludant.
720 2283 923 2351 Quare
941 2281 1071 2362 jam
1102 2293 1413 2355 testamur,
1444 2304 1554 2343 nos
1582 2284 1895 2345 veritatem

145 2385 269 2425 non
313 2364 648 2444 abjecturos
691 2386 839 2439 esse,
866 2365 1100 2425 etiamsi
1139 2365 1352 2426 talium
1390 2364 1710 2426 hominum
1730 2367 1897 2445 judi-

145 2446 253 2508 ciis
280 2446 682 2508 condemnata
709 2448 926 2508 fuerit:
972 2459 1034 2508 et
1062 2447 1262 2531 palam
1292 2458 1604 2522 testamur,
1623 2470 1735 2509 nos
1761 2449 1895 2510 Tri-

144 2527 406 2592 dentinoe
454 2529 691 2624 synodi,
734 2551 875 2610 quae
921 2542 1098 2591 antea
1145 2529 1337 2591 edidit
1384 2530 1624 2591 decreta
1673 2532 1894 2612 partim

143 2610 311 2685 falsa,
338 2623 558 2696 partim
600 2613 886 2693 ambigua
927 2624 990 2674 et
1030 2612 1376 2696 sophistica,
1409 2634 1532 2673 non
1576 2613 1892 2675 adsentiri:

145 2694 250 2756 sed
280 2694 565 2777 flagitare,
594 2706 662 2757 ut
688 2696 765 2756 de
795 2695 1005 2756 iisdem
1035 2698 1215 2757 rebus
1243 2707 1305 2756 et
1339 2695 1675 2770 audiamur,
1703 2708 1765 2757 et
1802 2719 1896 2757 er-

146 2796 307 2837 rores
362 2789 538 2839 antea
591 2779 930 2839 confirmati
987 2778 1241 2839 decretis
1278 2778 1645 2841 Tridentinis
1689 2801 1896 2840 emen-

147 2857 383 2919 dentur.
453 2859 538 2920 Et
564 2873 901 2921 reverenter
929 2884 1172 2922 oramus
1208 2861 1664 2922 invictissimum
1703 2862 1896 2943 impe-

149 2952 401 3001 ratorem
447 2941 733 3003 Carolum
781 2958 1125 3025 augustum,
1159 2966 1237 3004 ne
1273 2943 1583 3025 permittat
1621 2942 1893 3004 adversa-

150 3022 275 3097 riis,
302 3034 373 3084 ut
401 3023 710 3084 veritatem
743 3047 851 3086 sua
880 3025 1129 3087 audacia
1156 3026 1523 3109 opprimant,
1550 3036 1612 3084 et
1641 3024 1895 3085 crudeli-

151 3118 335 3166 tatem
394 3127 529 3186 quae
585 3094 865 3168 adversiis
916 3108 1264 3169 innocentes
1320 3121 1630 3168 exercetur
1677 3109 1895 3168 confir-

152 3200 341 3260 ment,
369 3201 430 3248 et
462 3188 685 3267 majora
713 3189 958 3251 dissidia
983 3190 1222 3271 injustis
1250 3190 1504 3251 decretis
1534 3189 1818 3250 excitent.

233 3271 752 3331 Commendamus
791 3283 991 3333 autem
1032 3285 1093 3334 et
1122 3273 1457 3334 Ecclesiam
1497 3284 1560 3332 et
1594 3294 1702 3332 nos
1731 3272 1894 3354 ipsos

151 3353 310 3414 Filio
337 3353 454 3413 Dei
487 3353 759 3413 Domino
785 3365 989 3416 nostro
1003 3355 1156 3416 Jesu
1178 3355 1440 3427 Christo,
1462 3374 1644 3434 quem
1668 3354 1892 3416 scimus

153 3458 297 3497 voce
318 3435 631 3517 Evangelii
664 3436 942 3518 colligere
971 3437 1083 3496 sibi
1109 3449 1394 3497 aeternam
1420 3435 1789 3497 Ecclesiam:
1831 3451 1895 3499 et

152 3540 294 3580 eum
330 3541 589 3589 oramus,
619 3532 686 3579 ut
722 3540 831 3578 nos
859 3531 1043 3613 regat,
1068 3530 1181 3579 nec
1207 3519 1364 3579 sinat
1390 3518 1664 3601 extingui
1693 3519 1895 3582 lucem

152 3601 463 3683 Evangelii
497 3602 607 3676 sui,
631 3624 742 3663 nec
768 3601 951 3663 deleri
981 3601 1137 3662 sinat
1164 3615 1359 3662 coetus
1388 3601 1589 3685 ipsum
1618 3613 1779 3664 recte
1803 3603 1896 3665 in-

154 3696 454 3745 vocantes.

1656 3769 1689 3784 l
