2418 4172
677 329 1235 383 AUGUSTANA
1287 329 1544 383 MDXL.
1873 332 1975 384 201

243 471 389 534 lium
440 491 511 532 ac
557 471 847 533 malarum
892 471 1245 555 opinionum
1291 471 1548 554 simplex
1591 469 1862 532 doctrina
1903 472 1980 533 de

346 552 615 614 nitentia.
701 554 785 615 Et
826 566 1061 615 constat
1103 555 1308 615 multis
1351 554 1564 616 seculis
1605 554 1791 614 bonos
1826 554 1980 615 desi·

238 574 475 698 gesse
501 636 835 697 doctrinam
867 636 1184 719 puriorem.

323 717 507 779 Porro
541 719 842 803 praecipue
879 740 1031 811 opus
1069 730 1160 779 est
1189 718 1250 779 in
1279 717 1530 780 ecclesia
1556 730 1760 780 extare
1788 719 1982 813 puris-

241 800 454 863 si‘mam
495 812 558 862 et
596 801 1099 883 simplicissimam
1131 799 1207 861 dc
1235 801 1593 883 poenitentia
1626 800 1978 863 doctrinam.

239 882 390 945 Ideo
420 883 559 945 huic
589 883 841 944 articulo
870 882 1133 944 maxime
1162 883 1519 945 studuerunt
1553 885 1736 945 nostri
1773 885 1979 946 lumen

241 965 463 1041 afferre,
482 988 664 1048 quem
697 965 940 1047 quidem
968 966 1048 1027 ita
1070 966 1500 1049 patefecerunt,
1523 979 1703 1048 atque
1725 968 1982 1029 illustra-

238 1059 399 1124 runt,
419 1060 487 1110 ut
507 1050 687 1111 etiam
721 1047 1032 1109 adversarii
1064 1050 1322 1110 saniores
1352 1049 1651 1111 fateantur
1680 1050 1793 1112 hac
1826 1051 1886 1111 in
1918 1073 1982 1112 re

240 1132 395 1194 bene
421 1132 667 1193 meritos
697 1154 823 1192 esse
851 1131 927 1192 dc
955 1132 1221 1193 ecclesia.
1872 1154 1876 1157 ·

324 1214 487 1276 Nam
530 1215 898 1297 simpliciter,
929 1215 1121 1296 plane,
1152 1216 1279 1276 sine
1314 1215 1434 1276 ulla
1474 1214 1819 1309 sophistica,
1847 1238 1982 1299 pro-

242 1298 524 1380 ponimus
559 1298 852 1380 cvangclii
896 1298 1251 1358 sententiam
1282 1298 1357 1358 de
1387 1299 1765 1381 poenitentia,
1797 1311 1865 1360 ut
1892 1299 1982 1360 in·

243 1378 513 1463 colligant
554 1381 848 1452 homines,
877 1380 1182 1460 quomodo
1211 1380 1284 1441 ad
1315 1380 1624 1442 Christum
1656 1381 1846 1442 redire
1879 1382 1982 1443 dea

244 1463 443 1536 beant,
469 1462 774 1544 quomodo
802 1475 1240 1544 consequantur
1267 1464 1677 1525 remissionem
1786 1483 1983 1526 ecato-

241 1566 396 1619 rum,
421 1545 526 1625 qui
555 1546 773 1617 cultus,
801 1566 936 1638 quae
963 1568 1142 1628 opera
1175 1545 1452 1627 placeant
1478 1546 1637 1607 Deo.
1789 1547 1980 1608 'mum

236 1625 524 1688 docemus
553 1648 942 1687 necessariam
973 1649 1101 1687 esse
1128 1628 1568 1703 contritionem,
1598 1629 1715 1690 hoc
1747 1639 1856 1702 est,
1881 1649 1982 1689 ve-

236 1729 342 1768 ros·
361 1718 608 1768 terrores
636 1719 699 1768 et
726 1707 958 1768 dolores
988 1708 1193 1782 animi,
1221 1709 1325 1790 qui
1362 1710 1632 1790 agnoscit
1660 1710 1809 1770 iram
1840 1710 1982 1784 Dei,

231 1801 300 1852 et
314 1788 479 1851 dolet
499 1812 562 1851 se
583 1812 878 1873 peccasse,
906 1801 969 1850 et
995 1790 1215 1851 desinit
1237 1791 1396 1852 mala
1418 1803 1774 1874 perpetrare.
1844 1793 1979 1854 Etsi

234 1883 436 1935 autem
483 1873 547 1934 bi
589 1873 822 1934 dolores
864 1873 1178 1934 necessarii
1223 1886 1382 1949 sunt,
1419 1886 1622 1937 tamen
1666 1875 1978 1937 sciendum

235 1967 328 2018 est
354 1956 767 2017 remissionem
797 1968 1179 2038 peccatorum
1211 1980 1333 2017 non
1363 1957 1488 2018 dari
1517 1970 1763 2041 propter
1785 1958 1981 2040 digni-

235 2049 423 2100 tatem
481 2039 854 2100 contritionis
911 2061 1016 2100 seu
1066 2039 1279 2100 horum
1333 2040 1627 2102 dolorum.
1713 2041 1832 2102 Sed
1875 2041 1981 2103 ad-

234 2120 431 2182 denda
447 2133 540 2182 est
560 2121 728 2196 fides,
747 2122 862 2182 hoc
883 2135 975 2183 est
992 2121 1211 2183 fiducia
1233 2122 1652 2184 misericordiae
1668 2125 1980 2218 promissae

236 2215 481 2287 propter
506 2204 841 2278 Christum,
870 2216 931 2265 et
972 2205 1356 2267 statuendum
1401 2218 1492 2267 est
1532 2217 1714 2290 gratis
1750 2207 1979 2269 remitti

236 2298 485 2370 peccata
557 2299 757 2369 ropter
784 2287 1116 2348 Christum.
1961 2336 1967 2342 .

316 2369 475 2430 Cum
566 2392 636 2431 ac
678 2369 799 2430 fide
837 2371 897 2432 in
936 2370 1257 2431 terroribus
1295 2370 1412 2432 illis
1441 2371 1744 2455 erigimur,
1771 2395 1980 2435 conse-

233 2452 479 2534 quimur
515 2464 678 2513 certo
715 2453 1127 2514 remissionem
1173 2465 1577 2536 peccatorum,
1606 2456 1763 2516 sicut
1800 2477 1979 2539 supra

230 2535 623 2600 ostendimus.
708 2534 794 2596 Et
836 2535 992 2597 hanc
1035 2536 1216 2597 fidem
1262 2537 1615 2620 concipiunt
1662 2538 1849 2599 animi
1900 2561 1978 2600 ex

233 2619 580 2701 evangeli03
637 2617 783 2679 item
844 2641 920 2680 ex
977 2619 1370 2693 absolutione,
1414 2642 1549 2701 quae
1598 2622 1977 2716 evangelium

235 2702 559 2762 annunciat
623 2714 685 2762 et
749 2702 1013 2785 applicat
1075 2702 1509 2785 perterrefactis
1576 2704 1977 2765 conscientiis.

238 2780 503 2864 Ideoque
545 2782 764 2844 docent
806 2785 990 2845 nostri
1034 2785 1408 2847 retinendam
1446 2808 1575 2846 esse
1614 2787 1674 2846 in
1711 2786 1977 2847 ecclesiis

235 2864 527 2948 privatam
572 2866 1030 2942 absolutionem,
1072 2880 1134 2929 et
1175 2868 1302 2948 ejus
1345 2868 1723 2951 dignitatem,
1765 2879 1826 2928 et
1866 2891 1978 2951 po-

238 2959 513 3008 testatem
556 2947 816 3009 clavium
858 2951 1009 3011 veris
1051 2962 1112 3011 et
1155 2951 1539 3034 amplissimis
1572 2950 1849 3012 laudibus
1884 2974 1979 3012 or·-

237 3041 403 3105 nant,
445 3029 607 3172 quod
655 3030 929 3116 videlicet
977 3045 1240 3116 potestas
1288 3034 1549 3095 clavium
1600 3032 1978 3095 administret

236 3135 462 3194 evange
487 3113 632 3186 ium,
688 3136 807 3174 non
865 3115 1058 3176 solum
1118 3116 1178 3176 in
1236 3139 1454 3199 genere
1511 3116 1813 3189 omnibus,
1870 3115 1976 3178 sed

235 3195 420 3257 etiam
461 3195 739 3277 privatim
782 3196 1050 3279 singulis,
1087 3198 1245 3260 sicut
1285 3199 1563 3260 Christus
1605 3198 1821 3279 inquit,
1848 3198 1978 3260 Lu.

237 3286 447 3340 cratus
469 3277 891 3360 m‘sfratrem,
912 3282 1021 3341 &c.
1095 3280 1179 3341 Et
1205 3281 1367 3361 quod
1399 3282 1528 3341 voci
1558 3282 1644 3342 illi
1666 3302 1815 3342 evan
1893 3281 1978 3357 lii,

237 3360 398 3443 quod
430 3360 759 3421 ministerio
786 3361 1051 3422 ecclesiae
1080 3363 1253 3423 nobis
1284 3363 1345 3422 in
1376 3363 1751 3425 absolutione
1785 3303 1979 3426 ingemi-’-

236 3444 538 3517 nistratur‚
565 3442 927 3505 credendum
967 3443 1065 3519 sit,
1092 3455 1377 3526 tanquam
1416 3445 1547 3507 voci
1585 3445 1660 3508 de
1693 3446 1852 3509 coelo
1880 3467 1978 3509 so*-

239 3538 424 3589 nanti.
1874 3552 1877 3554 ·
1950 3550 1962 3562 ’

323 3608 465 3672 Hoc
500 3620 694 3671 totum
738 3609 1097 3685 beneficium
1137 3610 1528 3673 absolutionis
1555 3622 1619 3673 et
1649 3611 1827 3691 hujus
1864 3613 1977 3674 mi*-
2012 3687 2020 3690 ,

1648 3771 1681 3784 l
