2418 4172
634 345 1185 400 AUGUSTANA
1236 345 1492 398 MDXL.
1830 348 1937 403 229

187 487 352 558 enim
393 488 551 550 clara
589 490 951 563 testimonia,
979 510 1114 570 quoe
1187 486 1469 548 robibent
1497 483 1753 546 condere
1784 489 1931 548 tales

184 568 555 645 vinditiones,
577 572 669 633 vel
701 571 774 633 ad
806 592 1120 655 promeren
1166 591 1263 631 am
1289 568 1703 630 remissionem
1727 590 1935 651 pecca-

184 662 407 728 torum,
448 654 540 714 vel
584 667 871 735 tanquam
917 653 1276 714 necessarias
1320 650 1394 712 ad
1426 650 1727 731 justitiam
1774 651 1933 712 Novi

184 733 581 810 Testamenti,
611 748 716 798 aut
744 735 818 797 ad
848 736 1120 795 salutem.

0 847 14 892 i
269 818 492 880 Paulus
520 818 750 879 Coloss.
781 818 840 879 ii.
869 817 1067 879 Nemo
1104 836 1209 878 vos
1224 813 1472 898 judicet
1500 815 1566 875 in
1596 814 1742 889 cibe,
1766 824 1936 896 potu,

0 906 2 910 ’
178 908 364 983 parte
404 901 526 963 dien·
542 898 731 997 festI,
775 899 1080 963 novilunio
1127 906 1236 959 aut
1280 898 1564 959 sabbatis.
1652 898 1832 972 Item,
1865 900 1939 960 Si

185 984 414 1047 mor-eui
442 992 587 1045 estis
616 1004 749 1046 cum
779 983 1020 1045 Christo
1051 982 1128 1043 ab
1158 980 1468 1044 elementis
1494 981 1724 1055 mundi,
1742 1004 1935 1064 quare

189 1073 483 1164 tanquam
515 1067 785 1129 viventes
826 1068 890 1128 in
932 1065 1154 1127 mundo
1199 1065 1444 1126 decreta
1454 1063 1687 1148 jacitis
1713 1066 1750 1124 ‚9
1794 1065 1937 1125 Non

188 1156 481 1234 attmgas,
502 1172 623 1213 non
645 1158 878 1233 gustes‘,
899 1171 1016 1210 non
1041 1155 1392 1221 contrecteS,
1414 1169 1543 1228 quae
1571 1148 1774 1208 omnia
1793 1169 1939 1228 per-

188 1240 335 1296 aaut
373 1255 506 1304 usu,
550 1242 610 1295 et
655 1242 796 1295 sunt
841 1232 1134 1295 mandata
1178 1239 1236 1292 et
1278 1231 1561 1292 doctrinm
1610 1230 1936 1305 hominum,

189 1335 320 1397 quoe
375 1314 599 1377 habent
651 1317 906 1396 speciem
959 1315 1288 1395 sapientiae.
1377 1313 1534 1373 Item
1594 1312 1667 1373 ad
1724 1314 1935 1374 Titum

191 1407 394 1494 aperte
416 1398 695 1480 prohibet
715 1398 1063 1460 traditiones
1086 1423 1103 1467 ;
1150 1396 1293 1458 Non
1315 1395 1691 1456 attendentes
1709 1395 1936 1457 ‹Iudai-

192 1476 555 1564 cusabulis,
584 1489 645 1542 et
673 1481 977 1543 mandatis
1006 1480 1310 1540 homiuum
1339 1479 1752 1539 aversantium
1779 1480 1936 1540 veri-

190 1569 396 1624 tatem.
482 1563 566 1624 Et
603 1563 880 1624 Christus
925 1562 1153 1623 Matth.
1184 1582 1283 1622 xv.
1330 1561 1545 1640 inquit,
1574 1560 1650 1620 de
1694 1561 1787 1620 his
1831 1561 1937 1640 qui

189 1643 443 1726 exigunt
478 1644 844 1718 traditiones,
874 1644 1072 1705 Sinite
1108 1642 1264 1715 illos,
1295 1642 1439 1702 coeci
1475 1651 1633 1715 sunt,
1664 1650 1723 1702 et
1759 1642 1939 1702 duces

189 1744 501 1791 coeoorum.
584 1726 670 1788 Et
707 1727 789 1788 im
837 1727 1010 1787 robat
1047 1724 1196 1785 tales
1234 1724 1467 1785 cultus:
1518 1722 1736 1784 Omnis
1755 1723 1939 1805 plan-

189 1809 572 1906 tatim-quam
598 1831 715 1871 non
734 1831 783 1891 p
847 1809 1043 1870 ntavit
1071 1807 1272 1868 Pater
1300 1827 1468 1868 meus
1496 1805 1774 1881 coelestis,
1805 1828 1941 1868 era-

273 1973 338 2034 Si
356 1972 462 2053 jus
492 1974 719 2035 habent
747 1973 1012 2056 episcopi
1042 1972 1326 2034 onerandi
1364 1972 1644 2033 ecclesias
1683 1970 1937 2032 infinitis

191 2054 629 2130 mditionibus,
656 2067 718 2117 et
760 2055 1118 2136 illaqueandi
1165 2054 1579 2129 conscientias,
1611 2077 1718 2115 cur
1759 2053 1937 2115 toties

192 2137 474 2221 probibet
523 2139 831 2221 Scriptura
886 2138 1140 2199 condere
1189 2149 1249 2198 et
1299 2136 1501 2198 audire
1552 2136 1937 2198 traditiones?

194 2242 301 2282 eur
341 2232 518 2284 vocat
555 2244 654 2283 eas
691 2221 1039 2283 traditiones
1077 2219 1550 2282 doemoniorum?
1594 2242 1742 2279 num
1787 2219 1942 2280 frus-

194 2313 285 2366 tra
325 2302 456 2368 haec
495 2304 858 2387 praemonuit
899 2303 1156 2386 Spiritus
1198 2302 1497 2363 Sanctus?
1557 2302 1943 2382 Relinquitur

195 2384 394 2480 igitur,
420 2407 559 2448 cum
589 2387 992 2448 ordinationes
1021 2385 1307 2447 institutae
1342 2396 1631 2466 tanquam
1671 2406 1942 2445 necessa-

193 2488 314 2542 ηε,
341 2479 447 2532 aut
472 2491 614 2531 cum
644 2470 932 2552 opinione
960 2468 1368 2551 promerendae
1397 2467 1762 2529 remissionis
1802 2488 1943 2549 pec-

194 2560 484 2627 catorum,
522 2564 795 2647 pugnent
836 2573 976 2614 cum
1019 2551 1351 2635 evangelio,
1390 2550 1555 2631 quod
1598 2572 1719 2611 non
1764 2549 1942 2610 liceat

194 2632 335 2695 ullis
375 2634 673 2717 episcopis
722 2636 871 2698 tales
921 2635 1116 2696 cultus
1163 2634 1479 2697 instituere
1527 2645 1631 2694 aut
1678 2632 1936 2714 exigere.

194 2712 460 2777 Necesse
496 2728 587 2778 est
623 2718 786 2780 enim
826 2718 888 2779 in
926 2717 1192 2779 ecclesiis
1230 2716 1471 2778 retineri
1501 2715 1834 2777 doctrinam
1865 2714 1940 2775 de

197 2794 470 2862 libertate
497 2798 856 2874 Christiana,
879 2800 1038 2882 quod
1068 2822 1190 2862 non
1221 2801 1298 2861 sit
1327 2798 1656 2861 necessaria
1685 2797 1935 2857 servitus

199 2877 350 2959 legis
402 2878 473 2941 ad
513 2880 1027 2962 justificationem,
1065 2883 1219 2945 sicut
1262 2884 1322 2943 in
1369 2882 1600 2943 Galatis
1645 2880 1934 2960 scriptum

200 2970 311 3035 est,
343 2959 556 3025 Nolite
579 2964 802 3027 iterum
810 2965 975 3050 jugo
1007 2967 1316 3029 servitutis
1353 2963 1588 3046 εαρἰὶεἱ.
1674 2962 1937 3023 Necesse

200 3053 292 3136 esf
334 3043 571 3107 retineri
618 3049 987 3131 praecipuum
1038 3049 1330 3131 evangelii
1374 3048 1599 3119 locum,
1641 3044 1802 3125 quod
1850 3066 1938 3104 re-

201 3145 548 3188 missionem
589 3142 969 3211 peocatorum
1009 3142 1071 3192 et
1092 3130 1587 3212 justificationem
1619 3149 1727 3211 per
1755 3124 1936 3188 fidem

201 3208 265 3269 in
292 3207 603 3272 Christum
633 3213 815 3294 gratis
845 3235 1301 3294 consequamur,
1330 3235 1449 3274 non
1480 3222 1726 3295 propter
1752 3219 1940 3270 certas

200 3291 661 3384 observationes,
689 3305 793 3356 aut
831 3306 1075 3379 propter
1113 3297 1312 3358 cultus
1350 3296 1427 3356 ab
1465 3292 1813 3355 hominibus
1850 3291 1942 3354 in·

201 3384 463 3436 sututos.
1850 3402 1867 3415 ·

201 3496 251 3532 „-
283 3456 448 3527 Quid
485 3457 667 3540 igitur
707 3458 1084 3521 sentiendum
1129 3470 1219 3521 est
1260 3458 1334 3520 de
1376 3458 1473 3520 die
1500 3457 1847 3533 Dominioo,
1879 3468 1942 3518 et

203 3537 499 3611 ,s'nnilibus
541 3541 753 3604 ritibus
792 3542 1197 3624 templorum?
1242 3541 1339 3604 Ad
1391 3541 1519 3603 haec
1562 3539 1940 3624 respondent,

1017 3644 1063 3684 a
1087 3634 1124 3685 3

1653 3771 1686 3785 l
