2418 4172
571 347 1121 404 AUGUSTANA
1171 348 1536 405 MDxxxl.
1821 355 1926 413 129

177 490 497 555 Domuum
525 501 588 552 et
615 490 781 563 alios,
804 490 909 572 qui
933 512 1097 552 nunc
1120 502 1414 575 spargunt
1430 490 1717 553 Judaicas
1746 495 1924 577 opin-

176 572 366 647 iones,
420 573 581 654 quod
641 584 782 635 ante
837 572 1331 634 resurrectionem
1391 584 1786 648 mortuorum,
1836 579 1919 659 pii

174 675 432 750 regnum
485 655 695 718 mundi
748 654 1098 738 occupaturi
1151 656 1293 730 sint,
1338 655 1565 736 ubique
1621 660 1920 740 oppressis

176 759 263 800 im
310 760 402 799 ns.

263 759 308 822 p
563 861 810 923 XVIII.
855 861 959 923 De
988 861 1210 923 Libero
1239 861 1542 923 Arbitrio.

174 968 328 1051 DE
364 985 554 1048 libero
594 986 839 1048 arbitrio
876 987 1117 1061 docent,
1147 987 1309 1068 quod
1349 987 1616 1049 humana
1644 971 1922 1051 voluntas

174 1069 395 1132 habeat
452 1069 715 1151 aliquam
766 1070 1104 1131 libertatem
1151 1071 1224 1132 ad
1267 1071 1646 1132 efficiendam
1683 1072 1921 1133 civilem

164 1151 490 1234 justitiam,
518 1164 581 1213 et
622 1152 968 1247 deligendas
1009 1176 1099 1214 res
1140 1154 1354 1214 rationi
1401 1155 1717 1234 subjectas·
1804 1155 1922 1215 Sed

174 1257 302 1297 non
333 1235 514 1296 babet
543 1235 666 1295 vim
700 1258 829 1296 sme
858 1237 1085 1319 Spiritu
1126 1236 1348 1297 Sancto
1390 1236 1719 1299 efficiendae
1744 1237 1926 1318 justi-

176 1317 277 1380 tie
304 1316 424 1379 Dei
455 1340 560 1379 seu
580 1318 833 1398 justitiae
863 1319 1207 1400 spiritualis,
1237 1320 1378 1399 quia
1422 1320 1699 1381 animalis
1740 1321 1925 1381 homo

96 1420 100 1423 ·
178 1422 304 1462 non
332 1400 589 1484 percipit
617 1422 706 1473 ea,
735 1423 869 1482 quoe
900 1414 1044 1462 sunt
1072 1402 1331 1485 Spiritus
1360 1402 1518 1473 Dei;
1564 1403 1666 1464 sed
1699 1403 1827 1464 haec
1857 1404 1927 1464 fit

177 1482 241 1544 in
282 1482 582 1553 cordibus,
612 1505 751 1544 cum
785 1506 891 1576 per
918 1485 1168 1545 verbum
1199 1485 1458 1627 Stpiritus
1489 1487 1748 1546 Sanctus
1778 1508 1926 1547 con-

176 1564 233 1627 ci
278 1565 416 1627 itur.
502 1565 658 1625 Hoec
699 1566 954 1626 totidem
995 1566 1188 1627 verbis
1270 1568 1376 1628 icit
1402 1569 1784 1648 Augustinus
1820 1569 1926 1629 lib.

175 1587 302 1710 [ff.
345 1646 878 1730 Hypognosticon.
963 1648 1116 1709 Esse
1157 1648 1418 1709 fatemur
1461 1650 1718 1710 liberum
1770 1651 1926 1710 arbi-

174 1728 363 1792 trium
390 1729 674 1789 omnibus
706 1729 1076 1802 hominibus,
1108 1731 1335 1791 habens
1360 1732 1609 1812 quidem
1621 1731 1924 1811 judicium

174 1810 447 1883 tationis,
491 1833 613 1872 non
658 1834 767 1895 per
812 1811 975 1893 quod
1019 1813 1096 1873 sit
1139 1812 1426 1874 idoneum
1465 1815 1528 1875 in
1566 1814 1659 1885 iis,
1689 1836 1824 1896 quae
1853 1814 1928 1876 ad

179 1893 384 1957 Deum
425 1894 750 1977 pertinent,
789 1895 918 1956 sine
959 1895 1098 1956 Deo
1142 1905 1247 1956 aut
1288 1896 1575 1958 inchoare
1620 1908 1724 1958 aut
1766 1909 1927 1959 certe

458 2023 479 2051 ,
507 1977 609 2037 sed
640 1989 878 2039 tantum
899 1979 975 2038 in
1005 1979 1286 2061 operibus
1308 1980 1446 2040 vitae
1466 1980 1778 2063 praesentis
1801 1992 1925 2042 tam

181 1998 377 2135 eduis,
403 2081 587 2141 quam
617 2060 800 2121 etiam
831 2061 1044 2129 malis;
1094 2062 1267 2123 bonis
1305 2062 1460 2137 dico,
1490 2085 1626 2144 quae
1660 2063 1735 2125 de
1766 2065 1927 2124 bono

180 2154 410 2205 naturae
451 2142 742 2215 oriuntur,
788 2143 826 2203 i.
854 2166 906 2204 e.
950 2144 1104 2205 velle
1155 2145 1421 2206 laborare
1467 2146 1528 2206 in
1575 2169 1737 2229 agro,
1774 2147 1928 2207 velle

181 2223 546 2287 manducare
573 2238 636 2286 et
664 2226 887 2300 bibere,
916 2227 1069 2287 velle
1099 2226 1318 2288 habere
1340 2229 1626 2303 amicum,
1649 2229 1801 2290 velle
1824 2230 1930 2290 ha-

180 2308 323 2369 bere
374 2307 753 2383 indumenta,
797 2310 951 2369 velle
1006 2310 1296 2371 fabricare
1350 2310 1625 2387 domum,
1674 2334 1924 2373 uxorem

178 2390 335 2452 velle
373 2389 611 2464 ducere,
641 2413 855 2473 pecora
899 2392 1144 2467 nutrire,
1172 2405 1359 2454 artem
1402 2394 1630 2455 discere
1667 2394 1930 2456 diversa-

178 2494 316 2535 rum
345 2495 557 2536 ‚rerum
603 2474 918 2548 bonarum,
946 2475 1038 2535 vel
1080 2476 1371 2558 quicquid
1412 2478 1641 2539 bonum
1673 2478 1749 2538 ad
1779 2500 1929 2560 prae·

179 2566 416 2618 sentem
459 2556 722 2639 pertinet
762 2558 971 2620 vitam.
1056 2559 1210 2628 Quae
1252 2560 1458 2621 omnia
1501 2583 1625 2621 non
1665 2561 1796 2621 sine
1835 2560 1929 2620 di-

178 2639 323 2700 vino
360 2639 766 2723 gubernaculo
808 2642 1164 2716 subsistunt,
1194 2643 1319 2704 imo
1347 2666 1422 2704 ex
1453 2643 1587 2726 ipso
1616 2655 1676 2704 et
1705 2665 1812 2737 per
1839 2644 1931 2727 ip-

182 2743 319 2783 sum
362 2733 523 2797 sunt,
561 2734 621 2784 et
663 2746 792 2784 esse
834 2737 1169 2807 coeperunt.
1255 2726 1439 2787 Malis
1482 2748 1623 2787 vero
1665 2726 1820 2800 d1c0,
1860 2736 1930 2786 ut

181 2814 310 2865 est:
350 2803 522 2865 Velle
550 2805 782 2867 idolum
812 2808 1025 2882 colere,
1055 2809 1228 2870 Velle
1260 2809 1679 2882 homicidium,
1712 2820 1826 2868 etc.

239 2884 586 2948 -Damnant
627 2888 999 2971 Pelagianos,
1038 2903 1100 2952 et
1141 2892 1307 2965 alios,
1346 2892 1449 2971 qui
1494 2891 1736 2965 docent,
1764 2889 1928 2971 quod

184 2967 316 3029 sine
359 2967 591 3052 Spiritu
635 2970 879 3046 Sancto,
909 2974 1050 3034 solis
1093 2986 1321 3035 naturae
1358 2974 1585 3034 viribus
1624 2974 1927 3055 possimus

183 3049 389 3111 Deum
442 3074 621 3135 super
668 3055 874 3118 omnia
922 3055 1204 3138 diligere:
1263 3058 1411 3117 item
1465 3068 1763 3139 praecepta
1806 3056 1925 3116 Dei

183 3132 397 3208 facere,
452 3135 649 3214 quoad
722 3138 1121 3200 substantiam
1194 3152 1461 3200 actuum.
1559 3140 1926 3219 Quanquam

183 3215 349 3276 enim
378 3228 629 3277 externa
654 3241 834 3301 opera
864 3221 1066 3302 aliquo
1094 3222 1278 3283 modo
1301 3222 1533 3283 efficere
1557 3234 1767 3282 natura
1789 3242 1921 3304 pos-

183 3297 281 3368 sit,
308 3310 509 3380 potest
556 3300 722 3374 enim
773 3304 1084 3364 continere
1123 3327 1339 3365 manus
1379 3327 1414 3363 a
1453 3305 1630 3377 furt0,
1660 3326 1696 3364 a
1728 3302 1926 3374 coede3

181 3390 389 3448 tumen
417 3381 728 3443 interiores
758 3395 961 3446 motus
990 3408 1115 3446 non
1146 3398 1347 3468 potest
1374 3386 1627 3458 efficere,
1648 3397 1717 3447 ut
1745 3386 1928 3448 timo-

180 3482 310 3556 [θαι
353 3463 497 3539 Dei,
531 3464 814 3528 fiduciam
859 3489 999 3551 erga
1040 3468 1268 3543 Deum,
1301 3469 1660 3546 castitatem,
1692 3469 1928 3553 patien-

180 3554 352 3622 tiam,
378 3558 493 3619 etc.

1051 3654 1097 3694 x

1684 3775 1718 3787 l
