2418 4172
886 390 1296 445 BELGICA.
1854 387 1963 445 88³

219 533 327 597 sed
354 533 432 596 ab
459 544 717 629 utroque
744 544 982 596 tantum
1011 532 1456 617 procedentem,
1477 530 1582 613 qui
1610 530 1816 593 ordine
1845 545 1962 595 ter-

219 617 304 680 tia
345 627 437 679 est
467 616 777 679 Trinitatis
816 617 1095 688 Persona,
1123 615 1390 697 ejusdem
1426 611 1715 686 essentiae,
1744 614 1964 694 gloriae,

218 710 283 762 et
324 699 652 782 majestatis
696 721 835 763 cum
878 701 1050 760 Patre
1092 711 1154 761 et
1191 699 1366 760 Filio.
1451 697 1719 777 Ideoque
1747 708 1809 756 et
1836 696 1963 778 ipse

218 804 394 845 verus
435 796 497 845 et
539 793 797 846 aeternus
839 781 1011 843 Deus
1054 791 1164 856 est,
1191 792 1261 841 ut
1299 803 1408 841 nos
1447 801 1624 841 sacrae
1658 778 1964 861 scripturae

219 865 458 929 docent.
543 866 706 927 Heb.
735 863 836 924 vii.
863 874 923 923 3.
964 863 1144 924 Joan.
1173 863 1295 924 xiv.
1326 862 1385 924 6.
1415 873 1477 924 et
1505 883 1601 923 xv.
1635 859 1734 923 26.

250 978 253 981 ·
300 946 454 1010 XII.
484 946 804 1008 Credimus
834 946 1070 1008 Patrem
1096 968 1203 1028 per
1226 947 1474 1008 verbum
1508 965 1707 1018 suum,
1727 943 1845 1006 hoc
1874 956 1966 1006 est

218 1051 330 1115 per
377 1029 626 1101 Filium,
674 1029 923 1104 coelum,
972 1041 1210 1103 terram,
1255 1040 1317 1090 et
1359 1028 1618 1108 reliquas
1667 1038 1963 1089 creaturas

214 1134 428 1176 omnes
460 1134 537 1175 ex
573 1112 764 1174 nihilo
793 1134 1040 1186 creasse,
1069 1134 1258 1194 quum
1289 1111 1376 1173 illi
1405 1111 1599 1172 visum
1630 1121 1722 1172 est
1748 1132 1965 1194 oppor-

217 1205 458 1271 tunum,
485 1195 855 1278 singulisque
885 1217 1060 1257 suum
1085 1218 1234 1269 esse,
1257 1195 1535 1268 formam,
1556 1205 1618 1255 et
1645 1194 1807 1255 varia
1834 1193 1966 1255 offi-

218 1278 313 1342 cia
348 1278 646 1355 tribuisse,
674 1289 744 1340 ut
771 1277 1041 1340 Creatori
1080 1300 1191 1340 suo
1229 1278 1595 1339 inservirent.
1681 1276 1966 1358 Eumque

218 1382 384 1424 nunc
414 1361 544 1422 illas
572 1383 783 1423 omnes
811 1362 994 1422 etiam
1024 1361 1241 1435 fovere,
1270 1371 1619 1433 sustentare,
1647 1371 1708 1420 et
1746 1381 1967 1441 regere,

219 1466 331 1528 pro
356 1454 578 1507 aeterna
605 1467 710 1506 sua
782 1443 1131 1517 rovidentia,
1152 1455 1215 1504 et
1240 1443 1536 1504 immensa
1556 1442 1792 1502 virtute.
1862 1442 1965 1503 Id-

218 1549 340 1608 que
368 1538 438 1589 ut
466 1527 580 1589 illae
608 1527 708 1608 qui
755 1548 853 1588 em
886 1526 1138 1600 homini,
1168 1527 1353 1588 homo
1382 1547 1521 1586 vero
1549 1524 1690 1585 Deo
1729 1546 1840 1585 suo
1877 1524 1968 1585 in-

218 1609 454 1671 serviat.
523 1609 766 1673 Creavit
793 1610 977 1671 etiam
1007 1610 1270 1691 angelos,
1290 1629 1499 1669 omnes
1523 1618 1735 1668 natura
1758 1608 1967 1682 bonos,

218 1703 291 1753 ut
318 1691 575 1752 ministri
607 1692 794 1773 ipsius
823 1702 1039 1765 essent,
1067 1703 1129 1751 et
1156 1691 1361 1752 electis
1382 1691 1566 1751 etiam
1589 1689 1965 1749 inservirent:

215 1793 475 1855 quorum
517 1782 721 1834 tamen
762 1773 863 1834 alii
892 1774 970 1834 ab
998 1773 1314 1833 excellenti
1354 1772 1458 1832 illa
1494 1781 1726 1843 natura,
1755 1770 1817 1830 in
1847 1792 1968 1852 qua

214 1877 319 1918 eos
358 1855 532 1918 Deus
574 1866 818 1927 crearat,
847 1855 911 1916 in
954 1854 1354 1937 perditionem
1399 1865 1683 1917 aeternam
1728 1852 1969 1914 decide-

216 1949 392 2001 runt:
434 1939 533 2000 alii
563 1961 703 1999 vero
732 1938 1017 2021 singulari
1040 1938 1159 1999 Dei
1189 1938 1373 2019 gratia
1405 1937 1471 1998 in
1499 1936 1698 2018 primo
1727 1935 1830 1996 illo
1859 1958 1967 1997 suo

217 2032 379 2083 statu
407 2022 829 2104 perstiterunt:
872 2020 1094 2081 diaboli
1125 2020 1372 2101 quidem
1416 2031 1478 2080 et
1519 2018 1967 2080 cacodaemones

219 2103 328 2178 illi,
355 2104 439 2164 ita
475 2103 738 2197 corrupti
777 2114 839 2163 et
876 2103 1182 2185 depravati
1224 2114 1382 2177 sunt,
1409 2113 1479 2163 ut
1506 2113 1569 2163 et
1596 2102 1720 2163 Dei
1747 2113 1809 2163 et
1836 2124 1969 2163 om-

218 2186 313 2247 nis
357 2186 498 2248 boni
542 2186 833 2266 conjurati
874 2185 997 2247 sint
1031 2186 1265 2247 hostes:
1310 2185 1414 2267 qui
1443 2184 1731 2246 Ecclesiae
1759 2195 1822 2246 et
1849 2185 1971 2246 sin-

219 2269 378 2352 gulis
422 2269 580 2330 illius
624 2268 911 2329 membris
955 2280 1242 2349 tanquam
1287 2267 1598 2351 praedones
1647 2289 1682 2327 e
1726 2268 1969 2349 specula

219 2351 596 2426 insidiantur,
624 2363 691 2412 ut
720 2352 1067 2435 imposturis
1095 2351 1216 2412 suis
1246 2373 1316 2412 ac
1348 2349 1802 2433 deceptionibus
1838 2372 1971 2412 om-

218 2434 323 2498 nia
370 2433 680 2496 destruant
727 2446 788 2496 et
834 2434 1215 2517 pessundent.
1302 2433 1536 2496 Idcirco
1578 2433 1819 2516 propria
1861 2454 1969 2495 sua

219 2516 451 2580 malitia
479 2528 783 2601 perpetuae
818 2516 1306 2579 condemnationi
1347 2515 1588 2590 addicti,
1616 2526 1970 2598 exspectant

218 2600 284 2663 in
312 2599 438 2662 dies
469 2600 764 2662 horrenda
793 2621 1037 2661 suorum
1078 2600 1412 2661 facinorum
1449 2598 1762 2680 supplicia.
1850 2598 1972 2659 Re-

218 2682 496 2767 spuimus
526 2683 729 2764 itaque
758 2683 875 2745 hoc
903 2683 1037 2746 loco
1066 2682 1532 2744 Sadducaeorum
1567 2702 1825 2742 errorem
1864 2682 1968 2761 qui

219 2765 463 2847 spiritus
514 2766 667 2827 ullos
717 2778 821 2827 aut
865 2767 1108 2848 angelos
1150 2788 1278 2827 esse
1320 2775 1635 2847 negarunt.
1720 2765 1879 2824 Item
1909 2775 1971 2824 et

222 2846 703 2909 Manichaeorum
749 2871 1006 2910 errorem
1052 2850 1157 2930 qui
1197 2860 1468 2909 asserunt
1502 2846 1771 2907 diabolos
1801 2867 1878 2906 ex
1907 2868 1971 2906 se

222 2930 368 3013 ipsis
394 2930 689 3012 originem
720 2930 957 3005 ducere,
985 2942 1047 2991 et
1074 2953 1149 2992 ex
1179 2932 1419 3014 propria
1458 2952 1564 2990 sua
1603 2939 1814 2988 natura
1843 2949 1971 2989 ma-

220 3012 312 3074 los
341 3035 488 3086 esse,
517 3034 641 3075 non
673 3024 873 3075 autem
905 3026 1215 3096 corruptos
1244 3037 1351 3096 per
1380 3011 1844 3074 inobedientiam
1869 3032 1973 3072 vo-

226 3095 565 3156 luntariam.
593 3097 772 3158 Joan.
803 3089 900 3158 iv.
933 3096 1030 3158 26.
1077 3098 1232 3159 Gen.
1255 3098 1292 3158 i.
1331 3110 1382 3158 1.
1413 3094 1551 3157 Isai.
1574 3094 1653 3153 xl.
1675 3093 1772 3154 26.
1804 3093 1968 3155 Heb.

226 3177 309 3238 iii.
329 3191 386 3239 4.
416 3178 609 3273 Apoc.
628 3179 703 3239 iv.
729 3191 821 3241 11.
860 3191 884 3240 l
914 3178 1074 3242 Tim.
1098 3179 1175 3241 iv.
1195 3191 1255 3243 3.
1292 3192 1316 3240 1
1342 3179 1477 3240 Col.
1507 3178 1544 3237 i.
1577 3175 1670 3238 16.
1700 3176 1864 3237 Heb.
1887 3176 1970 3238 iii.

235 3273 328 3323 14.
367 3272 430 3322 et
468 3282 506 3322 1.
532 3271 595 3322 3.
636 3261 790 3323 Psal.
818 3261 936 3323 ciii.
969 3274 1067 3324 21.
1111 3274 1173 3324 et
1210 3264 1287 3322 iv.
1312 3273 1376 3336 3,
1406 3270 1464 3322 8.
1507 3260 1687 3322 Joan.
1717 3257 1840 3319 viii.
1868 3271 1968 3322 44.

224 3357 260 3405 2
292 3344 421 3405 Pet.
454 3343 513 3404 ii.
546 3356 603 3405 4.
639 3343 791 3406 Luc.
819 3343 941 3405 viii.
970 3354 1073 3406 31.
1113 3356 1136 3406 l
1165 3345 1290 3406 Pet.
1321 3367 1376 3405 v.
1409 3355 1466 3405 8.
1494 3343 1676 3403 Matt.
1696 3362 1840 3402 xxv.
1870 3354 1970 3404 40.

221 3427 358 3489 Act.
390 3426 556 3488 xxiii.
588 3438 645 3487 8.

305 3509 492 3571 XIII.
521 3508 839 3570 Credimus
866 3507 1071 3570 Deum
1105 3509 1265 3570 hunc
1283 3509 1430 3591 opt.
1451 3507 1624 3569 Max.
1648 3516 1971 3590 postquam

222 3614 316 3654 res
344 3614 556 3654 omnes
586 3604 860 3667 creasset,
883 3592 1134 3653 minime
1162 3614 1261 3653 eas
1291 3592 1464 3653 sortis
1485 3602 1589 3652 aut
1607 3589 1975 3654 fortunae‘sr-

225 3674 405 3738 bitrio
447 3676 734 3760 regendas
777 3675 1171 3750 commisisse,
1203 3673 1308 3737 sed
1352 3674 1680 3758 ipsummet
1722 3673 1853 3736 illas
1896 3695 1972 3735 ex
2007 3688 2014 3692 “

1642 3771 1675 3785 f
