2418 4172
529 413 602 466 28
1157 413 1643 468 CONFESSIO

529 575 671 616 vero
699 576 807 616 sua
836 565 1050 638 sponte
1080 556 1298 640 lapsos,
1320 569 1381 618 et
1411 557 1469 617 in
1501 557 1754 618 exitium
1780 579 1908 618 esse
1936 556 2275 641 praecipita·

528 648 644 781 Σο,
672 637 981 719 factosque
1021 661 1149 700 esse
1192 640 1387 701 omnis
1426 641 1565 700 boni
1615 639 2006 721 fideliumque
2052 639 2273 715 hostes,

591 741 644 781 c.

520 834 527 839 ·
609 802 652 863 J
659 825 757 863 am
787 825 927 864 vero
954 803 1030 864 de
1059 805 1306 865 bomine
1333 804 1481 866 dicit
1510 804 1835 887 Scriptura,
1863 803 2024 885 quod
2055 804 2131 864 ab
2161 804 2275 865 ini-

529 884 615 945 tio
658 885 936 947 conditus
977 887 1055 947 sit
1091 889 1304 961 bonus,
1337 887 1410 948 ad
1455 888 1777 968 imag-inem
1822 901 1884 948 et
1928 884 2275 948 similitudi-

528 989 670 1029 nem
715 969 868 1029 Dei:
912 969 1072 1049 quod
1113 970 1283 1031 Deus
1327 970 1704 1030 collocaverit
1748 992 1888 1031 eum
1937 970 1996 1029 in
2039 966 2275 1052 pmdi-

528 1072 684 1124 sum,
714 1050 1151 1132 subjeceritque
1180 1052 1233 1112 ei
1264 1052 1487 1124 omnia,
1518 1054 1673 1112 Gen.
1707 1052 1764 1113 ii.
1853 1051 1923 1113 Id
1954 1049 2116 1132 quod
2145 1050 2275 1112 Da-

528 1131 628 1193 vid
674 1134 992 1215 magnifice
1035 1136 1295 1195 celebrat
1340 1135 1397 1195 in
1434 1135 1651 1195 Psalm.
1682 1135 1800 1195 viii.
1887 1133 2141 1195 Addidit
2184 1134 2275 1194 in-

528 1238 708 1298 super
727 1216 782 1276 ei
812 1217 1154 1299 conjugem,
1177 1240 1246 1278 ac
1276 1217 1584 1277 benedixit
1612 1217 1716 1276 eis.
1761 1216 2044 1278 Dicimus
2068 1227 2270 1278 autem

527 1310 799 1359 constare
844 1299 1154 1360 bominem
1194 1299 1425 1359 duabus
1462 1321 1531 1359 ac
1565 1298 1810 1359 diversis
1847 1298 2096 1379 quidem
2132 1300 2276 1360 sub-

527 1381 763 1441 stantiis
813 1381 872 1440 in
927 1403 1046 1442 una
1089 1404 1359 1463 persona,
1410 1381 1611 1440 anima
1665 1380 2013 1455 immortali,
2060 1393 2273 1464 utpote

527 1483 663 1543 quoe
703 1475 972 1545 separata
1014 1485 1048 1523 a
1084 1486 1350 1546 corpore,
1380 1484 1492 1523 nec
1535 1462 1776 1536 dormit,
1805 1484 1919 1523 nec
1961 1462 2184 1539 interit,
2211 1475 2275 1524 et

526 1566 772 1628 corpore
817 1546 1075 1619 mortali,
1118 1546 1279 1627 quod
1324 1558 1527 1607 tamen
1587 1546 1647 1606 in
1699 1544 1916 1606 ultimo
1961 1545 2197 1626 Judicio
2238 1568 2274 1607 a

528 1628 780 1689 mortuis
823 1629 1287 1704 resuscitabitur,
1330 1640 1400 1690 ut
1440 1639 1604 1690 totus
1648 1628 1834 1688 bomo
1873 1627 2032 1700 inde,
2075 1629 2170 1689 vel
2210 1628 2314 1692 in.

526 1710 666 1785 vita,
707 1711 802 1771 vel
846 1711 907 1771 in
953 1723 1164 1786 morte,
1205 1724 1493 1773 aeternum
1548 1724 1803 1772 maneat.
1889 1710 2273 1772 Damnamus

526 1813 756 1866 omnes,
785 1793 890 1875 qui
934 1793 1199 1866 irrident,
1236 1806 1340 1856 aut
1382 1795 1702 1855 subtilibus
1744 1793 2276 1887 disputationibu8‚

526 1875 588 1935 in
631 1874 886 1938 dubium
933 1890 1150 1938 vocant
1199 1877 1715 1938 immortalitatem
1768 1898 2126 1950 animarum,
2169 1891 2273 1939 aut

526 1958 790 2020 animam
822 1958 1033 2020 dicunt
1061 1960 1339 2034 dormire,
1368 1973 1474 2021 aut
1502 1971 1735 2043 partem
1767 1981 1896 2020 esse
1920 1959 2061 2021 Dei.
2123 1960 2271 2020 Bre-

526 2041 695 2116 viter,
737 2041 1095 2103 damnamus
1138 2066 1348 2104 omnes
1391 2043 1667 2103 omnium
1721 2042 2055 2124 opiniones,
2095 2056 2272 2124 quot·

525 2136 675 2205 quot
702 2124 933 2186 diversa
961 2126 1229 2186 sentiunt
1257 2126 1333 2187 de
1362 2126 1680 2199 creatione,
1707 2123 1783 2184 de
1812 2125 2038 2207 angelis
2066 2137 2129 2186 et
2154 2122 2274 2187 ἀω-

527 2208 828 2282 monibus,
863 2219 925 2268 et
961 2209 1228 2283 homine,
1264 2210 1340 2269 ab
1374 2208 1445 2269 iis
1482 2229 1617 2289 quae
1665 2206 1838 2267 nobis
1873 2206 2092 2269 tradita
2132 2219 2275 2270 sunt

524 2311 633 2373 per
652 2290 990 2375 Scripturas
1010 2303 1264 2366 sanctas,
1284 2292 1342 2352 in
1377 2290 1705 2375 apostolica
1726 2289 1952 2352 Christi
1979 2290 2272 2353 Ecclesia.

1079 2476 1703 2519 ——...-.——

543 2659 647 2722 De
680 2660 893 2743 Lapsa
923 2662 1226 2737 Hominis,
1257 2670 1316 2723 et
1345 2659 1629 2735 Peccato,
1659 2668 1719 2720 et
1748 2661 1954 2722 Causa
1983 2655 2252 2719 Peccati.

1271 2837 1274 2841 ’
1312 2823 1496 2886 VIII.

527 2949 759 3028 FUIT
777 2965 963 3027 homo
992 2967 1069 3028 ab
1099 2965 1271 3026 initio
1300 2987 1332 3027 a
1362 2963 1502 3025 Deo
1531 2961 1807 3023 conditus
1837 2959 1910 3022 ad
1942 2961 2270 3043 imaginem

524 3047 664 3124 Dei,
693 3049 755 3108 in
790 3048 1028 3129 justitia
1062 3061 1124 3110 et
1161 3047 1476 3110 sanctitate
1505 3045 1787 3118 veritatis,
1822 3045 2015 3105 bonus
2048 3054 2110 3104 et
2129 3063 2274 3136 ’reo-

526 3143 644 3205 tus,
672 3131 774 3192 sed
813 3132 1102 3194 instinctu
1138 3130 1450 3214 serpentis,
1480 3140 1542 3190 et
1577 3150 1683 3189 sua
1712 3128 1911 3210 culpa,
1939 3148 1975 3187 a
1999 3126 2272 3187 bonitate

524 3225 586 3273 et
614 3213 971 3276 rectitudine
997 3214 1300 3287 deficiens,
1329 3225 1597 3297 peccato,
1630 3210 1829 3284 morti,
1857 3208 2154 3290 variisque
2173 3228 2273 3270 ca·

527 3296 896 3359 lamitatibus
918 3297 1110 3360 factus
1138 3309 1229 3359 est
1249 3295 1564 3358 obnoxius.
1636 3293 1719 3355 Et
1749 3292 1943 3374 qualis
1965 3291 2158 3353 factus
2178 3300 2271 3352 est

527 3402 560 3438 a
592 3380 781 3462 lapsu,
809 3381 958 3442 tales
987 3392 1129 3442 sunt
1155 3402 1385 3453 omnes,
1405 3378 1509 3461 qui
1541 3398 1614 3438 ex
1647 3376 1778 3459 ipso
1808 3374 2082 3459 prognati
2112 3383 2272 3466 sunt,

527 3474 792 3542 peccato,
822 3464 1091 3546 inquam,
1127 3463 1325 3538 morti,
1352 3461 1528 3524 variis
1572 3483 1648 3521 ue
1682 3457 1932 3520 obnoxii
1966 3456 2272 3518 calamita-

526 3542 706 3604 tibus.
794 3545 1112 3608 Peccatum
1158 3559 1360 3608 autem
1406 3482 1797 3626 intelligimus
1842 3561 1972 3601 esse
2005 3536 2266 3630 nativam

527 3624 693 3686 illam
735 3626 994 3689 hominis
1032 3628 1499 3711 corruptionem,
1525 3648 1602 3687 ex
1642 3623 1853 3708 primis
1891 3621 2010 3682 illis
2052 3631 2269 3680 nostris

526 3708 871 3790 parentibus
902 3710 960 3771 in
993 3733 1101 3772 nos
1128 3732 1338 3772 omnes
1372 3708 1698 3771 derivatam
1729 3704 1822 3766 vel
1857 3714 2270 3788 propagatam,
