2418 4172
810 414 1283 469 SAXONICA.
1812 416 1920 470 315

177 555 412 639 ”piena
450 568 511 617 et
547 555 751 617 Deum
797 556 1018 617 timens
1058 555 1390 637 Joaaphat:
1437 552 1578 614 Non
1618 553 1919 618 hominum

174 640 468 700 exercetis
474 638 805 720 judicium,
830 640 941 701 sed
966 639 1112 711 Dei,
1142 638 1251 720 qui
1275 635 1575 699 vobiscum
1608 644 1696 695 est
1735 638 1798 696 in
1807 638 1920 718 ju-

174 720 347 782 dicio.
436 722 536 782 Sit
579 722 762 783 timor
797 721 927 782 Dei
968 720 1289 791 vobiscum,
1322 727 1383 779 et
1424 738 1555 778 cum
1598 716 1920 800 diligentia

173 803 376 864 omnia
405 803 589 887 agite.

258 886 622 964 Quanquam
681 894 882 943 autem
936 881 1113 942 multi
1166 882 1227 941 in
1286 881 1550 963 imperiis
1607 882 1920 964 negligunt

143 1004 146 1005 ν
215 966 424 1028 loriam
469 965 610 1035 Dei,
638 977 841 1025 tamen
888 964 1016 1025 hoec
1059 964 1358 1047 praecipua
1397 986 1538 1024 cura
1578 986 1707 1026 esse
1741 965 1921 1026 debe-

146 1091 151 1097 ·
250 1059 297 1123 t,
337 1046 542 1109 audire
583 1060 645 1108 et
688 1047 973 1129 amplecti
1018 1067 1217 1106 veram
1264 1046 1596 1107 doctrinam
1646 1046 1721 1108 de
1767 1048 1920 1108 Filio

172 1129 315 1204 Dei,
342 1142 404 1191 et
432 1130 709 1191 ecclesias
748 1130 966 1202 fovere,
995 1129 1151 1190 sicut
1186 1129 1338 1189 Psal.
1368 1129 1603 1209 inquit:
1649 1130 1735 1191 Et
1762 1152 1922 1191 nunc

170 1233 354 1297 reges
407 1212 754 1310 intelligite,
797 1212 1120 1273 erudimini
1174 1212 1280 1308 qui
1306 1211 1617 1293 judicatis
1666 1220 1917 1274 terram.

173 1293 369 1357 Item:
427 1296 684 1389 Aperite
732 1303 948 1376 portas
997 1294 1307 1375 principes
1361 1303 1595 1355 vestras
1619 1320 1640 1355 .·
1699 1295 1759 1356 id
1811 1308 1920 1370 eat,

171 1377 422 1472 Aperite
476 1378 728 1460 imperia
775 1377 1125 1458 Evangelio,
1169 1390 1229 1437 et
1279 1378 1537 1458 praebete
1590 1377 1915 1459 hospitium

173 1458 331 1521 Filio
368 1460 510 1521 Dei.
593 1460 678 1520 Et
714 1458 907 1520 Esaiae
935 1459 1084 1518 xlix.
1113 1458 1201 1519 Et
1234 1480 1415 1540 reges
1448 1468 1625 1520 erunt
1658 1461 1922 1521 nutrito-

172 1563 278 1604 ree
316 1543 428 1615 tui,
458 1551 518 1604 et
556 1563 627 1603 re
680 1543 694 1556 ⁰
798 1566 820 1602 .·
866 1541 924 1601 id
968 1554 1079 1611 est,
1109 1541 1459 1623 respublicae
1498 1542 1619 1601 sint
1657 1542 1919 1603 nutrices

172 1623 483 1699 Eccleaiae,
512 1564 819 1707 praeffla‘iit
851 1623 1108 1704 hospitia
1137 1623 1403 1683 ecclesiis
1438 1634 1500 1683 et
1540 1625 1654 1704 piis
1690 1623 1921 1686 studiis.

171 1706 301 1800 Ipoi
338 1727 583 1787 quoque
615 1727 783 1787 reges
820 1716 884 1765 et
921 1705 1112 1786 princi
1196 1727 1223 1763 s
1252 1704 1374 1764 sint
1404 1706 1676 1764 membra
1705 1705 1919 1765 Eccle-

150 1807 294 1863 ωε,
320 1799 385 1848 et
409 1786 743 1848 doctrinam
774 1797 934 1846 recte
963 1786 1111 1845 intel
1138 1787 1324 1866 igant,
1354 1807 1474 1845 non
1505 1785 1791 1864 adjuvent
1818 1808 1919 1847 eos

170 1868 277 1964 qui
318 1869 530 1930 falsam
574 1869 911 1929 doctrinam
956 1868 1288 1940 stabiliunt,
1322 1878 1384 1927 et
1419 1866 1705 1945 injustam
1749 1869 1919 1929 saevi-

152 1964 318 2014 >tiam
347 1964 646 2023 exercent,
668 1951 771 2011 sed
802 1952 922 2011 sint
953 1972 1247 2011 memores
1271 1950 1453 2030 hujus
1473 1949 1656 2021 dicti:
1709 1951 1922 2014 Glori-

150 2032 429 2118 ficantes
454 2056 550 2095 me
570 2031 930 2117 glorificabo
950 2057 971 2093 .·
1017 2046 1079 2093 et
1105 2032 1325 2093 Daniel
1356 2054 1558 2115 regem
1590 2034 1920 2116 Babyloni-

172 2138 311 2179 cum
345 2117 615 2178 bortatur
642 2116 714 2176 ad
746 2115 1112 2198 agnitionem
1145 2115 1245 2175 irae
1272 2115 1414 2187 Dei,
1443 2127 1505 2175 et
1542 2116 1617 2176 ad
1654 2117 1919 2177 clemen-

171 2200 318 2261 tiam
364 2221 504 2282 erga
546 2198 893 2259 exulantem
929 2196 1284 2268 Ecclesiam,
1311 2218 1449 2257 cum
1497 2197 1618 2259 ait:
1663 2199 1920 2261 Redime

164 2291 421 2364 peccata
475 2290 587 2342 tua
643 2302 778 2342 cum
806 2280 1064 2363 justitia
1110 2288 1169 2340 et
1218 2279 1533 2340 clementia
1577 2301 1728 2363 erga
1761 2304 1920 2362 pau-

164 2386 367 2447 peres,
403 2373 463 2426 et
506 2365 626 2425 erit
665 2363 905 2425 sanatio
949 2362 1303 2424 delictorum
1345 2370 1585 2424 tuorum
1605 2388 1626 2424 .·
1671 2378 1733 2423 et
1774 2386 1915 2425 cum

173 2449 294 2509 sint
347 2447 504 2508 inter
594 2447 854 2529 raecipua
901 2444 1190 2507 Ecclesiae
1236 2446 1509 2505 membra
1557 2445 1799 2507 videant
1851 2458 1919 2508 ut

162 2530 396 2611 judicia
437 2530 499 2590 in
542 2469 816 2590 Ecclesia
867 2540 1026 2588 recte
1074 2540 1499 2588 exerceantur:
1561 2529 1717 2588 sicut
1757 2528 1918 2589 Con-

150 2613 490 2686 -stautinus,
516 2611 915 2683 Theodosiu8‚
944 2610 1257 2684 Arcadiu8‚
1284 2610 1650 2681 Mucianae,
1669 2610 1916 2672 Carolus

174 2695 459 2788 Magnus,
479 2706 541 2755 et
571 2694 744 2755 multi
775 2693 860 2777 pii
890 2715 1055 2775 reges
1085 2703 1440 2754 curaverunt
1468 2705 1627 2754 recte
1657 2695 1916 2755 exerceri

165 2776 396 2856 judicia
422 2776 730 2838 Eccleaiae.
798 2777 1102 2836 Caeterum
1132 2776 1207 2836 de
1235 2775 1579 2836 discrimine
1610 2776 1918 2856 utriusque

176 2856 393 2939 gradus
435 2859 744 2919 ministerii
789 2858 1147 2938 evangelicae
1190 2870 1251 2918 et
1293 2858 1553 2939 politicae
1587 2858 1918 2938 potestati8‚

176 2951 387 3000 extant
422 2940 643 3022 scripta
684 2940 742 3000 in
778 2940 1041 3002 ecclesiia
1071 2941 1286 3000 nostris
1316 2940 1525 3011 multa,
1553 2961 1689 3020 quae
1717 2951 1918 3001 osten-

176 3022 349 3094 dunt,
377 3043 487 3082 nos
516 3044 710 3103 neque
732 3022 1035 3095 fanaticas,
1055 3045 1253 3103 neque
1276 3022 1583 3082 seditiosas
1605 3022 1915 3114 opiniones

176 3127 204 3163 a
250 3125 470 3186 argere,
511 3104 613 3164 sed
663 3097 990 3165 monstrare
1037 3105 1424 3166 necessariam
1473 3103 1805 3165 doctrinam
1851 3104 1915 3165 in

180 3126 518 3270 liivangelio-
534 3186 811 3248 traditam
841 3187 918 3247 de
950 3198 1204 3268 utroque
1234 3186 1437 3269 gradu,
1463 3186 1676 3246 ,utilem
1708 3187 1915 3268 pietati

177 3282 237 3329 et
265 3269 397 3352 paci
428 3269 755 3331 communi.

839 3409 977 3471 Deo
1014 3410 1265 3471 Gratia.

168 3566 170 3568 »
262 3521 417 3582 Haec
445 3530 535 3579 est
563 3540 804 3579 summa
830 3518 1136 3594 doctrinae,
1161 3540 1343 3600 quam
1381 3521 1443 3579 iu
1478 3519 1744 3581 ecclesiia
1780 3542 1917 3615 noa-

165 3603 304 3677 tria,
346 3603 463 3664 Dei
511 3602 820 3675 beneficio,
856 3623 975 3662 una
1016 3623 1164 3662 voce
1207 3623 1529 3663 sonamus:
1574 3623 1759 3683 quam
1782 3623 1917 3684 qm-
2023 3683 2032 3687 ,

169 3685 316 3747 dem
346 3708 474 3758 ease
504 3685 905 3767 incorruptam
938 3685 1295 3745 sententiam
1319 3683 1606 3747 doctrinae
1627 3684 1915 3784 divinitus
