2418 4172
415 350 522 402 328
1050 349 1530 404 CONFESSIO

426 491 639 552 Postea
665 512 803 552 vero
833 491 1003 552 Deus
1035 492 1160 573 ipse
1190 514 1299 574 pro
1339 492 1638 553 immensa
1675 492 1776 553 illa
1813 515 1954 555 cura
1980 504 2042 553 et
2071 515 2168 554 so·

427 573 756 648 licitudine,
801 597 982 655 quam
1041 576 1115 635 de
1174 574 1312 647 suis,
1358 596 1728 656 suorumque
1778 575 1966 637 salute
2016 575 2171 657 gerit

429 657 610 717 servis
654 659 773 718 suis
818 658 1121 740 apostolis,
1149 668 1210 718 et
1254 659 1562 740 prophetis
1603 657 1931 733 mandavit,
1960 672 2028 718 ut
2066 680 2174 719 sua

429 739 530 799 illa
586 742 824 801 oracula
881 742 1115 835 scriptis
1171 742 1662 802 committerent:
1724 742 1970 824 ipseque
2025 739 2176 800 adeo

431 821 579 883 duas
624 825 858 884 tabulas
903 824 1049 916 legis
1092 823 1284 904 digito
1329 846 1438 884 suo
1480 825 1777 885 exaravit:
1822 846 1956 904 quae
1999 844 2178 884 causa

433 916 524 965 est
551 927 658 967 cur
685 906 978 986 ejusmodi
1011 907 1230 989 scripta
1259 929 1484 968 sacram
1527 918 1587 967 et
1624 906 1888 967 divinam
1926 906 2180 986 scriptu·

393 1039 398 1043 .
432 1008 559 1049 ram
590 1011 667 1071 ap
747 989 983 1048 llamus.

519 1071 630 1131 lv.
714 1070 1141 1153 omplectimur
1163 1082 1363 1131 autem
1389 1093 1613 1134 sacram
1646 1071 2001 1154 scripturam
2032 1069 2182 1132 duo-

438 1155 551 1215 bus
603 1153 718 1212 illis
762 1152 1169 1212 voluminibus
1198 1152 1432 1213 Veteris
1476 1164 1538 1214 et
1584 1154 1749 1214 Novi
1786 1152 2180 1226 Testamenti,

440 1236 543 1317 qui
595 1234 727 1295 libri
775 1234 1044 1296 canonici
1090 1247 1416 1295 vocantur:
1472 1234 1549 1295 de
1599 1236 1820 1315 quibus
1864 1234 2029 1296 nulla
2069 1257 2185 1296 un-

441 1339 621 1399 quam
683 1318 798 1378 fuit
846 1317 1263 1378 controversia.
1348 1316 1701 1397 Eorumque
1753 1317 1853 1378 hic
1909 1330 2001 1378 est
2050 1329 2184 1379 tum

441 1422 750 1474 numerus,
778 1412 910 1460 tum
941 1399 1088 1460 ordo
1118 1400 1178 1459 in
1210 1399 1329 1459 Dei
1353 1398 1624 1461 Ecclesia
1652 1411 1945 1483 receptus.
1990 1398 2188 1469 Quin-

441 1505 559 1564 que
611 1483 744 1543 libri
783 1483 996 1557 Mosis,
1038 1482 1191 1542 liber
1224 1482 1433 1556 Josue,
1474 1482 1789 1556 Judicum,
1833 1482 2027 1556 Ruth,
2067 1481 2190 1543 duo

439 1566 576 1627 libri
607 1565 924 1639 Samuelis,
956 1565 1078 1626 duo
1108 1565 1372 1648 Regum,
1409 1565 1531 1627 duo
1560 1565 2024 1640 Chmnicorum,
2052 1586 2190 1660 quoe

439 1648 940 1732 Paralipomenon
970 1648 1270 1722 dicuntur,
1298 1649 1528 1731 primus
1557 1647 1799 1709 Esdrae:
1838 1648 2192 1723 Nehemias,

442 1730 688 1807 Esther,
714 1731 877 1792 Job:
921 1730 1067 1791 item
1109 1731 1328 1791 Psalmi
1370 1731 1645 1807 Davidis‚
1686 1742 1805 1791 tres
1847 1731 1982 1792 libri
2025 1731 2194 1792 Salo*

444 1814 662 1889 monis,
703 1836 924 1897 nempe
954 1813 1291 1888 Proverbia‚
1333 1814 1748 1888 Ecclesiastes,
1775 1826 1837 1875 et
1866 1813 2189 1876 Canticum

443 1896 834 1959 Canticorum
858 1919 874 1956 :
902 1907 1161 1977 quatuor
1185 1895 1503 1978 Prophetae
1529 1896 1804 1976 majores,
1828 1896 2061 1972 Esaias,
2085 1897 2196 1959 Je-

444 1979 682 2053 remias,
741 1978 1051 2051 Ezechiel,
1101 1989 1162 2038 et
1211 1977 1476 2039 Daniel:
1548 1978 1622 2039 ad
1685 1978 1815 2039 haec
1873 1978 2193 2040 duodecim

445 2062 630 2124 etiam
676 2062 937 2122 minores
980 2060 1316 2143 Prophetoe.
1402 2060 1562 2121 Novi
1609 2082 1786 2143 porro
1819 2060 2196 2124 Testamenti

445 2146 584 2207 libri
614 2144 887 2206 canonici
918 2154 1089 2204 sunt:
1120 2154 1380 2225 quatuor
1399 2143 1843 2226 Evangelistae3
1879 2143 2052 2206 divus
2081 2144 2199 2206 sci-

446 2226 590 2290 licet
618 2227 973 2302 Matthaeus,
1016 2225 1286 2300 Marcus,
1313 2226 1533 2303 Lucas,
1561 2239 1623 2287 et
1649 2227 1692 2288 J
1697 2226 2000 2289 ohannes:
2044 2228 2201 2290 Acta

447 2311 914 2395 Apostolorum:
960 2309 1413 2391 quatuordecim
1444 2310 1736 2393 Epistola:
1766 2309 1888 2371 divi
1920 2310 2112 2385 Pauli,
2137 2318 2201 2372 et

449 2406 683 2477 septem
706 2394 1091 2488 ‘reliquorum
1138 2393 1583 2475 apostolorum:
1626 2393 2027 2476 Apocalypsis
2074 2392 2198 2455 divi

450 2478 753 2539 «Iohannis
780 2475 1079 2619 Apostoli.

534 2559 612 2620 V.
658 2559 794 2621 Hos
858 2559 1014 2619 ibros
1054 2558 1210 2618 solos
1243 2558 1563 2640 recipimus
1593 2569 1884 2638 tanquam
1915 2579 2112 2620 sacros
2139 2569 2203 2620 et

453 2642 809 2704 canonicos:
855 2641 1074 2721 quibus
1114 2640 1262 2701 fides
1306 2653 1506 2701 nostra
1546 2641 1740 2715 inuiti,
1768 2641 2111 2702 confirmari
2141 2651 2204 2703 et

455 2723 706 2786 stabiliri
751 2723 957 2807 possit.
1040 2723 1256 2804 Itaque
1302 2723 1528 2816 absque
1574 2724 1695 2784 ulla
1722 2722 2100 2786 dubitatione
2131 2745 2205 2786 ee

455 2807 663 2870 omnia
713 2806 1032 2881 credimus,
1074 2828 1209 2888 quae
1256 2806 1312 2867 in
1361 2807 1477 2867 illis
1520 2807 1922 2868 continentur.
2008 2806 2205 2889 quue

458 2913 578 2952 non
619 2902 745 2951 tam
786 2888 949 2971 quod
989 2887 1263 2951 Ecclesia
1307 2889 1438 2950 illos
1477 2911 1587 2972 pro
1625 2888 1927 2951 canonicis
1957 2889 2207 2973 recipiat

458 2986 522 3035 et
562 2975 948 3056 comprobet:
995 2994 1178 3053 quam
1264 2971 1380 3033 uod
1412 2972 1456 3033 S
1502 2972 1670 3034 iritus
1701 2973 1959 3035 Sanctus
1989 2972 2206 3035 nostris

459 3055 842 3119 conscientiis
891 3066 1142 3118 testetur
1191 3055 1228 3115 il
1257 3078 1322 3116 os
1374 3078 1409 3116 a
1517 3078 1591 3117 eo
1635 3077 1984 3117 emanasse:
2027 3067 2091 3119 et
2133 3076 2208 3118 eo

462 3139 729 3201 maxime
757 3138 921 3221 quod
964 3137 1078 3222 ipsi
1117 3137 1299 3199 etiam
1340 3160 1448 3221 per
1476 3160 1540 3199 se
1579 3160 1805 3200 sacram
1837 3138 1995 3200 banc
2033 3158 2206 3202 snam

463 3221 890 3285 authoritatem
936 3233 998 3282 et
1041 3221 1420 3283 sanctitatem
1464 3232 1779 3297 testentur,
1819 3232 2001 3303 atque
2041 3240 2209 3285 cou-

463 3307 755 3398 probent:
798 3326 988 3386 quum
1019 3316 1081 3365 et
1109 3304 1223 3388 ipsi
1254 3305 1395 3366 coeci
1428 3326 1621 3366 rerum
1658 3304 1954 3380 omnium,
1979 3325 2116 3387 quo
2140 3301 2205 3363 in

465 3388 579 3448 illis
609 3388 846 3471 scriptis
884 3386 1182 3470 praedictoe
1217 3387 1478 3462 fuerunt,
1508 3388 1945 3471 impletionem,
1970 3397 2034 3448 et
2064 3403 2206 3445 exe·

463 3471 765 3532 cutionem
805 3470 961 3531 clare
997 3470 1359 3554 conspicere,
1388 3482 1448 3532 et
1477 3470 1662 3532 veluti
1706 3469 1979 3532 sensibus
2017 3464 2206 3551 perci·

467 3574 603 3632 perc
677 3553 883 3614 ossint.

548 3634 602 3692 V
644 3680 656 3693 .
700 3634 1115 3696 Differentiam
1157 3656 1335 3718 porro
1373 3633 1816 3706 constituimus,
1843 3630 1997 3692 inter
2023 3628 2207 3692 libro·
