2418 4172
1194 251 1469 321 [xvi]

578 390 929 453 Basiliensis
970 415 1109 453 vero
1148 393 1203 454 ei
1234 393 1515 474 adjuncta
1542 393 1855 454 Confessio
1885 395 2246 458 Germanice

494 498 732 550 tantum
771 488 931 550 edita
969 489 1180 564 fuerat,
1208 512 1366 551 anno
1404 500 1579 552 1532.
1609 511 1796 570 quum
1829 512 1862 550 a
1893 491 2245 574 magistratu

494 583 912 667 Myllhusiano
940 586 1315 669 exciperetur
1348 586 1525 649 1561.
1559 587 1618 648 in
1648 587 1932 649 Latinam
1971 588 2239 671 linguam

494 702 779 743 conversa
806 682 939 742 fuit.

577 875 684 936 De
711 875 916 936 eadem
954 874 1342 960 Conse-ssione
1361 875 1783 957 Hos-pinianus
1814 878 1988 939 Hist.
2020 878 2246 940 Sacra-

492 980 672 1032 ment.
690 980 879 1053 parte
907 971 1108 1033 altera
1134 972 1247 1034 sub
1275 994 1375 1033 an.
1412 972 1592 1034 1566.

506 1119 510 1122 ,
579 1067 720 1129 Hoc
760 1067 919 1130 1566
958 1092 1119 1130 anno
1147 1069 1463 1129 Confessio
1494 1069 1948 1131 Helveticarum
1980 1070 2247 1132 Ecclesi-

493 1185 662 1224 arum
707 1165 1014 1247 publicata
1055 1176 1164 1225 est.
1249 1165 1408 1225 Cum
1454 1165 1616 1225 enim
1657 1166 1952 1247 Theologi
1993 1165 2240 1247 quidam

490 1260 747 1340 inquieti
782 1271 843 1320 et
870 1260 1221 1334 turbulenti,
1249 1261 1311 1320 in
1345 1260 1673 1320 Germania
1701 1260 2116 1344 Westpbalus‚
2140 1260 2248 1323 Ti·

491 1378 767 1429 mannuS,
795 1367 856 1416 et
885 1355 1014 1416 aliis
1044 1356 1105 1415 in
1138 1355 1282 1416 locis
1314 1355 1435 1429 alii,
1463 1379 1586 1417 non
1616 1368 1916 1418 cessarent
1943 1358 2136 1418 multa
2168 1356 2254 1420 de.

489 1450 959 1513 dissensionibus
1025 1461 1359 1514 nostrarum
1425 1452 1836 1514 Ecclesiamm
1902 1454 1966 1515 in
2030 1454 2246 1537 vulgus

490 1571 784 1631 spargere,
825 1560 887 1610 et
928 1560 1214 1631 praeterea
1256 1572 1363 1611 nos
1408 1550 1708 1612 criminari
1753 1550 1914 1632 quod
1959 1550 2035 1612 de
2078 1550 2246 1612 nullo

490 1645 613 1706 fere
654 1644 936 1728 dogmate
979 1646 1120 1707 fidei
1165 1669 1376 1730 puram
1422 1665 1484 1709 et
1526 1659 1748 1709 rectam
1796 1647 1982 1709 fidem
2027 1647 2248 1708 habea-

492 1757 628 1803 mus
652 1768 668 1813 ;
712 1743 1136 1805 existimarunt
1164 1744 1275 1804 viri
1304 1744 1627 1828 prudentes
1657 1744 1805 1805 utile
1833 1745 1978 1819 fore,
2005 1743 2053 1804 si
2081 1765 2248 1805 com-

493 1839 692 1900 munis
715 1838 1030 1901 Confessio
1059 1840 1287 1912 edatur,
1317 1863 1391 1902 ex
1423 1864 1542 1923 qua
1562 1841 1863 1924 judiciuin
1896 1841 2024 1902 fieri
2055 1838 2248 1923 possit

490 1936 567 1998 de
595 1936 867 1998 doctrina
894 1949 1228 1998 nostrarum
1260 1937 1688 1998 Ecclesiarum.
1773 1939 1997 1999 Actum
2042 1948 2136 1997 est
2175 1958 2247 1997 ea

491 2032 568 2094 de
610 2056 672 2094 re
714 2034 979 2116 primum
1012 2056 1047 2094 a
1073 2033 1397 2116 Tigurinis,
1424 2033 1811 2107 Bernatibus,
1839 2044 1902 2094 et
1930 2033 2249 2094 Geneven-

490 2130 674 2192 sibus.
758 2130 1088 2213 Scripserat
1138 2141 1342 2191 autem
1395 2131 1681 2213 superiori
1734 2154 1894 2192 anno
1934 2130 2250 2214 Bullinge-

491 2250 591 2288 rus
622 2228 682 2288 in
714 2227 965 2310 gratiam
998 2227 1385 2287 illustrissimi
1418 2227 1731 2307 eujusdam
1755 2228 2052 2311 Principis
2083 2228 2251 2289 Con-

492 2323 833 2397 sessionem,
863 2324 923 2384 in
963 2346 1081 2405 qua
1119 2324 1422 2407 praecipua
1460 2323 1745 2406 dogmata
1774 2322 2247 2410 comprehende·

494 2421 730 2495 bantur,
751 2431 812 2480 et
841 2431 1000 2481 certa
1030 2420 1305 2502 quoedam
1337 2421 1528 2481 forma
1557 2421 1841 2482 doctrinae
1870 2420 2248 2504 proponeba-

492 2529 607 2580 tur.
694 2517 835 2579 Hoc
878 2540 1066 2599 quum
1114 2518 1334 2579 scirent
1376 2517 1622 2600 quidam
1668 2518 1939 2590 fratrum,
1976 2529 2038 2579 et
2081 2516 2250 2579 audi-

491 2614 718 2677 vissent
747 2614 908 2675 illatn
937 2614 1218 2697 Principi,
1248 2613 1320 2675 ad
1351 2636 1531 2696 quern
1566 2615 1748 2676 missa
1776 2614 1987 2690 fuerat,
2007 2636 2077 2676 ac
2104 2614 2247 2676 viris

491 2710 684 2772 doctis
726 2710 1058 2794 plurimum
1102 2710 1414 2794 placuisse,
1449 2732 1579 2772 eam
1629 2711 1740 2771 sibi
1784 2709 2016 2772 ostendi
2060 2710 2251 2795 petie-

492 2820 651 2884 runt,
693 2819 754 2870 et
796 2819 1006 2892 postea
1049 2807 1526 2891 cognoscendam
1573 2823 1634 2868 et
1666 2807 2058 2887 judicandam
2099 2806 2248 2869 Ber-

494 2927 635 2968 nam
678 2917 741 2967 et
783 2906 1091 2967 Genevam
1140 2904 1372 2965 misere.
1461 2904 1582 2974 Qui
1627 2927 1817 2986 quum
1858 2916 1920 2966 et
1956 2904 2071 2987 ipsi
2105 2926 2247 2965 ean-

492 3001 630 3063 dem
677 3002 1127 3085 approbassent,
1157 3012 1356 3063 actum
1401 3012 1493 3062 est
1533 3023 1672 3062 cum
1717 3001 1959 3083 reliquis
2002 3020 2249 3082 quoque

493 3098 799 3161 foederatis
830 3109 1045 3160 nostrae
1074 3098 1416 3180 religionis:
1463 3120 1531 3159 ac
1563 3097 1919 3182 Rodolphus
1949 3095 2249 3159 Gualthe-

493 3220 591 3258 rus
641 3196 1067 3280 Scapbusium,
1116 3194 1418 3256 Basileam
1478 3207 1538 3255 et
1588 3195 1974 3277 Mylhusium
2029 3195 2246 3258 missus

493 3293 624 3355 fuit.
712 3294 1139 3376 Approbarunt
1168 3292 1371 3374 itaque
1401 3292 1588 3365 illam,
1616 3304 1678 3353 et
1709 3292 1850 3354 huic
1878 3286 2248 3373 subscripse-

492 3400 631 3450 runt
660 3410 869 3449 omnes
891 3388 1273 3472 Evangelicoe
1304 3388 1432 3450 alioe
1457 3387 1745 3449 Ecclesioe
1767 3409 1873 3471 per
1896 3385 2244 3449 Helvetiam
2351 3446 2357 3450 .

492 3494 553 3547 et
601 3484 926 3558 Rhaetiam,
974 3508 1091 3547 una
1136 3486 1378 3547 Basilea
1427 3497 1698 3567 excepta.
1788 3482 1991 3562 Hujus
2041 3493 2243 3543 autem
