2418 4172
573 362 1447 429 HEIDELBERGENSIS.
1772 362 1880 421 867

143 502 395 565 oonsilio
419 512 481 563 et
508 503 878 585 providentia
907 515 1199 567 sustentat
1229 527 1298 566 ac
1327 504 1622 587 gubernat
1639 514 1677 577 ¹,
1706 526 1883 587 prop-

143 596 236 647 ter
258 584 593 660 Christum,
617 585 822 647 Deum
854 609 1056 649 meum
1088 599 1150 649 et
1179 588 1414 649 Patrem
1447 606 1649 646 meum
1683 598 1879 646 esse⁸z

143 666 347 749 itaque
376 668 462 728 sic
489 668 542 730 ei
573 668 830 745 confido,
857 668 943 730 sic
973 668 1032 729 in
1063 691 1135 729 eo
1164 669 1496 750 acquiesco,
1526 678 1593 726 ut
1622 689 1742 726 non
1774 666 1885 727 du-

144 749 354 826 bitem,
394 752 543 831 quin
601 752 942 834 provisurus
999 750 1077 811 sit
1125 751 1427 820 omnibus,
1470 770 1610 808 cum
1665 749 1885 823 animo,

143 842 277 894 tum
334 854 408 894 co
517 832 563 893 ri
625 853 760 893 meo
818 832 1226 893 necessariis‘:
1284 832 1429 913 quin
1489 830 1690 904 etiam,
1747 853 1884 912 quae

147 914 302 976 mihi
349 934 507 975 maa
554 913 617 974 in
670 914 783 975 hac
827 936 1162 975 aerumnosa
1204 914 1325 974 vita
1371 912 1666 987 immittit,
1708 936 1779 974 ea
1826 914 1886 974 in

146 1017 345 1058 meam
396 995 648 1057 salutem
700 996 779 1057 sit
818 1018 1205 1058 conversurus
1223 1008 1271 1071 ¹¹,
1307 1018 1447 1057 cum
1491 1008 1553 1056 et
1591 996 1783 1057 facere
1828 996 1888 1056 id

145 1077 354 1223 mest,
387 1090 458 1139 ut
498 1078 879 1162 omnipotens
915 1079 1167 1149 Deus¹;
1211 1091 1274 1140 et
1310 1079 1501 1140 facere
1540 1078 1602 1140 id
1631 1079 1793 1155 velit,
1824 1091 1890 1140 ut

266 1158 443 1244 iguus
470 1160 646 1222 Pater
660 1172 707 1221 5.
1027 1199 1036 1207 ·

232 1251 333 1318 27.
382 1242 555 1308 Quid
579 1251 668 1305 est
686 1243 1075 1325 providentia
1105 1245 1232 1306 Dei
1253 1246 1290 1304 9

234 1323 639 1407 Omnipotens
667 1339 729 1387 et
757 1326 980 1407 ubique
1011 1349 1271 1410 praesens
1298 1326 1415 1387 Dei
1441 1326 1528 1387 vis
1545 1338 1587 1401 ²,
1619 1349 1739 1407 qua
1768 1349 1891 1388 coe-

151 1406 278 1469 lum
309 1428 381 1469 ae
407 1419 623 1469 terram
655 1430 797 1469 cum
826 1409 1107 1471 omnibus
1135 1410 1416 1471 creaturis
1446 1421 1733 1492 tanquam
1766 1432 1892 1470 ma·

152 1511 235 1553 nu
280 1490 535 1551 sustinet
576 1513 646 1552 ac
687 1492 1051 1574 gubernat⁸t
1098 1504 1163 1552 ut
1201 1514 1336 1573 quoe
1366 1504 1520 1553 terra
1549 1504 1892 1567 nascuntur,

151 1571 358 1656 pluvia
395 1572 542 1633 item
588 1585 650 1634 et
692 1574 946 1647 siccitas,
975 1573 1247 1635 fertilitas
1290 1587 1353 1635 et
1394 1574 1693 1648 sterilitas,
1721 1575 1892 1635 cibus

152 1665 218 1716 et
241 1664 422 1737 potus
436 1654 483 1728 ὓ,
512 1656 671 1715 bona
698 1666 761 1715 et
788 1654 1031 1716 adversa
1051 1655 1330 1717 valetudo
1348 1665 1388 1729 ⁶,
1407 1656 1630 1716 divitiae
1658 1669 1719 1716 et
1747 1678 1895 1738 pau-

152 1747 355 1820 pertas
369 1734 419 1810 ⁴,
455 1737 659 1818 omnia
708 1736 989 1829 denique,
1032 1759 1152 1797 non
1202 1749 1428 1798 temere
1475 1749 1579 1798 aut
1624 1738 1893 1812 fortuit0,

153 1814 256 1879 sed
285 1827 533 1900 paterno
561 1816 688 1899 ejus
717 1818 965 1879 consulio
994 1830 1055 1879 et
1081 1818 1388 1880 voluntate
1418 1820 1791 1902 contingant.

238 1909 337 1963 28.
384 1899 557 1965 Quid
596 1900 765 1962 nobis
805 1901 1053 1982 prodest
1094 1902 1216 1963 haec
1257 1903 1522 1985 cognitio
1575 1903 1898 1964 creationis

156 1990 219 2044 et
401 1982 632 2044 'dentice
660 1984 871 2044 divina:
890 1985 929 2044 9

308 2076 335 2125 t
378 2064 440 2125 in
490 2064 746 2125 adversis
797 2066 1093 2148 patientes
1108 2078 1150 2141 ⁶,
1192 2066 1255 2126 in
1301 2067 1575 2128 secundis
1621 2069 1771 2150 grati
1817 2069 1896 2130 si-

159 2144 367 2216 musfz
409 2146 473 2207 in
513 2146 783 2207 futurum
813 2169 954 2208 vero
995 2148 1288 2231 optimam
1330 2150 1391 2210 in
1432 2150 1568 2210 Deo
1604 2151 1898 2212 fidissimo

160 2227 340 2291 Patre
387 2249 555 2311 spem
606 2229 929 2312 repositam
979 2230 1306 2292 babeamus
1323 2244 1369 2307 ὅ,
1410 2244 1572 2293 certo
1624 2233 1898 2307 scientes,

159 2310 314 2373 nihil
342 2333 472 2372 esse
499 2311 661 2392 quod
690 2334 798 2372 nos
827 2313 905 2373 ab
933 2311 1061 2392 ejus
1091 2335 1291 2374 amore
1321 2315 1627 2375 abstrahat
1643 2315 1691 2389 ¹¹,
1710 2338 1899 2396 quan·

161 2392 485 2489 doquidem
515 2415 725 2454 omnes
755 2406 1037 2456 creaturoe
1067 2396 1150 2456 ita
1178 2407 1319 2457 sunt
1345 2398 1407 2457 in
1435 2398 1563 2478 ejus
1584 2408 1898 2480 potestate,

162 2487 234 2539 ut
270 2497 398 2538 ame
438 2475 567 2556 ejus
605 2476 867 2548 arbitrio,
895 2499 1018 2538 non
1057 2477 1240 2539 modo
1279 2479 1430 2540 nihil
1469 2502 1662 2562 agere,
1690 2480 1793 2541 sed
1821 2501 1899 2541 ne

162 2558 388 2620 moveri
417 2557 662 2639 quidem
694 2560 926 2642 possint
941 2558 973 2619 ³.

230 2731 251 2756 ¹
282 2725 407 2775 Pal.
429 2725 517 2776 civ.
544 2742 689 2791 2-5.
712 2739 762 2778 et
783 2745 884 2778 exv.
910 2744 958 2792 3.
1047 2730 1193 2779 Matt.
1218 2747 1261 2779 x.
1294 2747 1373 2794 29,
1398 2747 1478 2794 30.
1560 2732 1704 2780 Rom.
1727 2732 1790 2779 xi.
1818 2731 1899 2794 36.

167 2790 295 2840 neb.
312 2790 344 2840 i.
370 2808 418 2855 3.
576 2802 592 2826 ⁸
613 2796 728 2843 Joh.
747 2794 778 2843 i.
802 2812 876 2845 12.
910 2797 1058 2844 Rom.
1073 2796 1164 2846 viii.
1188 2811 1263 2861 15.
1299 2798 1406 2846 Gal.
1427 2798 1485 2846 iv.
1507 2812 1554 2861 5,
1571 2799 1619 2847 6.
1654 2799 1779 2862 pr.
1800 2799 1832 2846 i.
1851 2811 1899 2862 5.

166 2858 183 2887 ⁸
215 2856 339 2908 Pul.
361 2858 423 2908 lv.
452 2875 530 2923 23.
597 2861 743 2910 Matt.
766 2861 827 2910 vi.
856 2863 935 2911 26.
1004 2864 1125 2913 Luc.
1148 2864 1225 2913 xii.
1254 2881 1331 2922 22,
1362 2880 1439 2927 23,
1466 2881 1543 2927 24.
1698 2874 1719 2895 ¹¹
1837 2881 1881 2912 m

161 2922 257 2972 ⁵viii.
288 2925 367 2975 28.
620 2934 642 2958 ⁸
677 2929 768 2977 Isa.
792 2928 899 2977 xlvi.
936 2945 983 2992 3,
1008 2946 1056 2991 4.
1124 2931 1270 2980 Rom.
1296 2930 1388 2979 viii.
1426 2932 1507 2993 38,
1540 2946 1619 2994 39.
1667 2942 1716 2979 et
1749 2948 1793 2978 x.
1825 2946 1900 2980 12.

80 3020 85 3024 ·
168 2999 190 3031 1
215 2991 359 3041 Mart.
383 2991 441 3040 vi.
497 2993 643 3043 Matt.
667 2994 742 3043 vii.
766 3011 815 3059 9,
842 3012 918 3052 ιο,
944 3012 962 3044 1
979 3012 1019 3044 1.
1157 3007 1177 3030 ²
1215 3000 1304 3047 Isa.
1330 2998 1448 3046 xxix.
1482 3012 1555 3061 15,
1582 2998 1656 3046 16.
1726 2998 1902 3047 Ezech.

167 3056 262 3106 viii.
283 3074 358 3108 12.
415 3059 559 3108 Matt-
580 3061 687 3109 xvii.
715 3076 792 3124 27.
806 3063 945 3118 NAct.
969 3061 1077 3112 xvii.
1098 3077 1174 3128 ²5·
1278 3075 1297 3096 ⁸
1332 3066 1459 3114 Heb.
1485 3064 1517 3113 i.
1540 3081 1583 3120 2,
1601 3080 1646 3127 3.
1750 3064 1772 3096 ¹²
1805 3066 1904 3113 Jer.

168 3141 210 3172 v.
240 3140 318 3189 23,
344 3140 423 3188 24.
480 3127 588 3175 Act.
612 3126 702 3177 xiv.
729 3141 804 3189 17.
985 3138 1005 3161 ⁶
1037 3131 1150 3179 soh.
1178 3133 1238 3180 ix.
1266 3147 1312 3194 3.
1497 3131 1518 3163 ‘¹
1556 3133 1693 3179 Prov.
1717 3130 1828 3180 xxii.
1857 3147 1902 3180 2.

167 3198 189 3221 ‘
223 3193 367 3241 Rom.
391 3209 433 3241 v.
458 3209 507 3255 3,
531 3208 578 3255 4.
645 3195 749 3243 Jac.
776 3196 807 3243 i.
835 3210 881 3257 3.
948 3196 1045 3245 Job
1068 3197 1098 3245 i.
1129 3213 1205 3255 21,
1236 3214 1311 3247 22.
1480 3198 1496 3229 f
1528 3199 1675 3247 Dent.
1701 3196 1792 3246 viii.
1825 3213 1901 3246 ιο.

179 3274 197 3307 1
226 3259 393 3309 Thess.
419 3275 460 3308 r.
492 3261 564 3308 18.
722 3268 745 3299 ⁸
778 3261 923 3311 Rom.
946 3278 988 3311 v.
1013 3280 1061 3325 4,
1087 3278 1135 3328 5,
1160 3265 1208 3312 6.
1364 3264 1385 3296 '¹
1420 3265 1564 3314 Rom.
1591 3264 1686 3313 viii.
1713 3266 1793 3327 38,
1820 3280 1901 3330 39.

173 3324 183 3355 ⁵
215 3326 312 3374 Job
336 3326 365 3375 i.
393 3342 467 3376 12.
494 3325 612 3376 etii.
638 3328 684 3375 6.
742 3329 878 3378 Prov.
902 3328 992 3378 xxi.
1026 3346 1065 3379 1.
1121 3332 1229 3381 Act.
1253 3331 1358 3382 xvii.
1389 3334 1600 3394 25—28.
