2418 4172
870 388 1290 443 BELGICA.
1848 387 1957 440 ³45

210 531 352 595 nati.
439 530 593 592 Haec
635 551 812 613 porro
841 530 1115 592 Ecclesia
1155 542 1222 591 ut
1259 530 1336 590 ab
1370 527 1543 588 initio
1584 526 1792 587 mundi
1826 529 1958 604 fuit,

209 614 294 675 ita
329 624 392 674 et
433 635 623 693 usque
651 613 725 674 ad
754 614 884 694 ejus
914 615 1096 674 finem
1129 625 1221 672 est
1336 609 1663 670 rduratura.
1752 610 1824 669 Id
1862 613 1956 671 vel

209 716 285 757 ex
323 718 397 756 eo
438 706 707 778 apparet,
735 692 897 776 quod
941 695 1219 755 Christus
1345 714 1386 752 x
1417 703 1673 752 aeternus
1717 704 1825 764 est,
1853 693 1956 771 qui

210 799 521 860 nunquam
560 777 688 838 sine
717 776 969 837 subditis
998 797 1126 837 esse
1154 785 1372 856 potest.
1456 773 1756 833 Coeterum
1803 774 1959 834 hanc

209 859 546 923 Ecclesiam
588 858 760 919 Deus
804 869 1012 918 contra
1053 877 1300 917 omnem
1346 853 1552 914 mundi
1598 855 1858 915 furorem
1901 869 1960 915 et

212 942 506 1024 impetum
540 952 777 1001 tuetur:
822 938 1096 1020 quamvis
1126 938 1199 999 ad
1230 936 1470 1017 aliquod
1503 948 1744 1018 tempus
1780 959 1963 1030 parva

211 1021 537 1087 admodum
581 1033 643 1083 et
680 1022 849 1103 quasi
885 1022 1151 1082 extincta
1188 1021 1246 1081 in
1280 1032 1607 1102 conspectu
1642 1019 1958 1080 hommum

213 1117 527 1202 appareat:
572 1103 1085 1186 quemadmodum
1133 1116 1404 1185 tempore
1446 1102 1548 1162 illo
1588 1103 1964 1184 periculosis-

214 1210 370 1251 simo
397 1187 634 1249 Achab}
664 1187 834 1248 Deus
864 1187 975 1248 sibi
1009 1198 1238 1270 septem
1274 1185 1459 1245 millia
1488 1185 1749 1245 virorum
1781 1207 1964 1245 reser-

213 1291 383 1333 vasse
424 1270 664 1343 dicitur,
745 1270 803 1330 ui
851 1291 969 1329 non
1016 1270 1303 1329 flexerant
1345 1289 1503 1348 genu
1547 1289 1747 1327 coram
1793 1267 1962 1328 Baal.

216 1353 501 1434 Denique
551 1352 680 1413 hoec
701 1291 993 1412 helesin
1045 1363 1248 1412 sancta
1298 1350 1465 1409 nullo
1512 1361 1603 1410 est
1652 1363 1754 1410 aut
1800 1362 1964 1410 certo

218 1436 354 1499 loeo
395 1435 509 1496 sita
547 1447 608 1494 et
647 1435 1114 1515 circumscripta,
1143 1445 1245 1493 aut
1285 1433 1421 1492 ullis
1460 1433 1634 1492 certis
1663 1454 1733 1493 ac
1762 1433 1967 1514 singu·

217 1517 441 1580 laribus
559 1517 746 1577 rsonis
786 1517 1026 1577 astricta
1065 1528 1169 1577 aut
1207 1514 1466 1595 alligata.
1550 1514 1669 1574 Sed
1700 1537 1807 1598 per
1834 1536 1967 1575 om-

219 1622 360 1662 nem
402 1620 471 1659 or
550 1621 611 1659 m
654 1611 940 1660 terrarum
981 1620 1182 1679 sparsa
1221 1608 1402 1677 atque
1430 1597 1663 1670 diffusa,
1691 1597 1965 1679 quamvis

218 1681 424 1745 animo
451 1702 521 1742 ac
547 1680 855 1741 voluntate
884 1681 945 1740 in
975 1702 1098 1739 uno
1124 1679 1457 1759 eodemque
1486 1678 1718 1770 spiritu,
1746 1680 1966 1739 virtute

218 1763 379 1837 fidei,
403 1774 531 1824 tota
559 1763 637 1822 sit
665 1762 843 1822 simul
873 1761 1192 1840 conjuncta
1222 1772 1402 1840 atque
1430 1771 1616 1820 unita.

298 1844 610 1908 XXVIII.
648 1844 967 1904 Credimus
1010 1843 1173 1924 quod
1217 1864 1403 1924 quum
1444 1864 1608 1903 sacer
1642 1842 1742 1903 hic
1770 1854 1967 1903 coetus

219 1939 283 1990 et
318 1927 703 2009 congregatio
744 1927 823 1988 sit
859 1948 1065 1987 eorum
1098 1925 1202 2006 qui
1234 1924 1447 1984 servari
1477 1924 1741 1995 debent;
1784 1937 1845 1985 et
1875 1948 1967 1985 sa-

221 2012 315 2073 lus
342 2010 510 2071 nulla
537 2010 616 2070 sit
642 2020 811 2069 extra
830 2029 964 2068 eam
987 2034 1003 2079 ;
1047 2008 1351 2068 neminem
1380 2006 1819 2089 (cujuscunque
1838 2008 1970 2089 dig-

223 2091 428 2154 nitatis
470 2103 574 2152 aut
617 2090 877 2150 nominis
921 2090 972 2150 is
1013 2090 1218 2168 fuerit)
1265 2111 1392 2150 sese
1427 2090 1503 2149 ab
1537 2112 1607 2150 ea
1635 2090 1970 2151 subducere

223 2187 331 2237 aut
369 2195 675 2255 segregare
716 2173 953 2246 debere,
995 2184 1062 2233 ut
1105 2193 1211 2232 sua
1253 2182 1488 2232 tantum
1533 2172 1970 2233 consuetudine

222 2268 540 2320 contentus
596 2254 777 2328 solus,
820 2277 891 2315 ac
947 2254 1264 2336 separatim
1322 2254 1502 2314 vivat.
1586 2254 1706 2314 Sed
1761 2266 1971 2315 contra

225 2360 438 2402 omnes
481 2360 550 2399 ac
593 2338 858 2419 singulos
899 2337 1087 2398 teneri
1133 2337 1275 2396 huic
1312 2336 1499 2397 coetui
1536 2358 1598 2396 se
1626 2336 1972 2419 adjungere,

225 2433 289 2484 et
312 2420 601 2483 Ecclesioe
631 2421 921 2480 unitatem
955 2419 1209 2480 sollicite
1239 2440 1604 2492 conservare,
1627 2441 1872 2500 seseque
1901 2419 1972 2479 il-

226 2505 340 2567 lius
377 2515 510 2564 tum
546 2502 836 2563 doctrinae
879 2514 1008 2563 tum
1049 2501 1378 2584 disciplinae
1407 2501 1715 2580 subjicere,
1743 2502 1968 2562 collum

225 2585 484 2668 denique
510 2585 734 2646 Christi
754 2585 909 2666 jugo
937 2596 1154 2668 sponte
1185 2584 1556 2658 submittere,
1585 2595 1647 2644 et
1679 2597 1967 2666 tanquam

226 2668 573 2730 communia
621 2666 885 2747 ejusdem
945 2666 1205 2750 corporis
1261 2667 1532 2727 membra
1588 2666 1968 2728 aedificationi

229 2750 477 2812 fratrum
522 2750 821 2823 inservire,
861 2761 1040 2832 prout
1080 2749 1252 2811 Deus
1294 2748 1622 2831 unicuique
1665 2771 1771 2809 sua
1814 2749 1973 2809 dona

230 2831 407 2893 fuerit
451 2832 716 2912 largitus.
802 2832 983 2893 Porro
1027 2846 1093 2892 ut
1138 2833 1265 2893 haec
1309 2831 1523 2891 melius
1564 2833 1973 2904 observentur,

230 2914 503 2976 omnium
548 2913 816 2974 fidelium
863 2925 1059 2996 partes
1101 2927 1260 2988 sunt,
1297 2936 1425 2974 sese
1456 2913 1634 2992 juxta
1679 2914 1795 2974 Dei
1840 2934 1973 2973 ver-

234 2998 376 3057 bum
418 2996 494 3056 ab
534 2995 619 3056 eis
649 2995 930 3057 omnibus
965 2995 1324 3079 disjungere,
1353 2995 1457 3076 qui
1488 3009 1628 3056 sunt
1656 3008 1822 3056 extra
1855 2995 1973 3056 Ec-

232 3079 473 3141 clesiam
512 3078 858 3139 constituti:
901 3078 1163 3158 huicque
1201 3078 1468 3140 fidelium
1507 3079 1692 3139 coetui
1732 3100 1801 3138 ac
1829 3100 1974 3138 con·

232 3159 562 3242 gregationi
620 3181 747 3221 sese
803 3159 1140 3243 adjungere,
1184 3161 1527 3242 ubicunque
1588 3161 1751 3221 illam
1800 3160 1972 3222 Deus

233 3242 644 3305 constituerit:
687 3241 797 3302 etsi
836 3242 896 3302 id
937 3244 1229 3304 contraria
1259 3243 1599 3336 principum
1631 3243 1725 3303 vel
1757 3242 1973 3325 magis-

233 3337 495 3387 tratuum
525 3323 721 3385 edicta
748 3323 1126 3406 prohibeant,
1157 3324 1381 3385 indicta
1414 3326 1595 3385 etiam
1637 3325 1699 3385 in
1737 3347 1836 3385 eos
1875 3347 1974 3387 ca·

231 3408 374 3491 pitis
429 3420 490 3467 et
549 3407 755 3467 mortis
810 3427 1108 3488 corporeae
1273 3429 1368 3478 na,
1425 3408 1527 3486 qui
1586 3408 1644 3467 id
1702 3407 1972 3470 fecerint.

233 3490 596 3570 Quicunque
638 3489 820 3569 igitur
860 3510 896 3549 a
938 3508 1074 3549 vera
1095 3487 1147 3548 -il
1174 3511 1209 3549 a
1241 3487 1507 3550 Ecclesia
1537 3490 1840 3563 recedunt,
1867 3501 1973 3553 aut

234 3588 363 3634 sese
388 3571 472 3632 illi
505 3593 822 3655 aggregare
850 3582 1143 3643 recusant,
1171 3584 1373 3655 aperte
1402 3570 1519 3632 Dei
1563 3572 1844 3635 mandato
1881 3595 1975 3637 re-

230 3667 530 3741 pugnant.

1647 3771 1682 3785 l
