2418 4172
791 393 1269 448 sAonICA.
1789 394 1897 451 ml)

155 547 256 599 tus
281 533 564 597 mandata
590 547 681 597 est
710 535 811 597 illa
837 535 1193 599 delictorum
1228 533 1518 604 recitatio,
1547 540 1656 593 ne'c
1700 537 1887 615 possi-

155 617 293 680 h’lis
333 627 459 679 est:
501 629 565 679 et
604 617 848 681 adducit
887 619 1016 702 pias
1060 628 1293 679 mentes
1332 618 1390 678 in
1430 613 1890 691 dubitationem,

152 707 219 763 et
270 698 455 763 fidem
514 701 889 783 lang-efacit.
977 700 1180 783 Magis
1234 720 1373 759 vero
1423 699 1539 759 hoc
1594 709 1890 771 taxamus,

153 780 319 863 quod
359 804 660 865 nusquam
700 782 1012 843 adversarii
1041 785 1104 842 in
1132 780 1406 841 doctrina
1430 779 1508 840 de
1534 779 1889 862 poenitentia

152 864 249 926 vel
269 865 673 938 conversione,
691 863 1062 924 mentionem
1086 861 1310 923 faciant
1332 861 1469 922 fidei
1482 862 1892 940 justificantis,

150 944 231 1007 de
270 966 397 1039 qua
433 967 611 1028 supra
652 945 882 1007 dictum
926 957 1048 1006 est:
1093 966 1214 1038 qua
1257 945 1383 1005 sola
1422 966 1559 1005 vere
1602 946 1892 1028 accipitur

149 1026 423 1090 remissio
463 1039 871 1111 peccatorum,
901 1039 964 1088 et
990 1049 1093 1088 cor
1120 1049 1182 1087 in
1213 1048 1388 1088 sensu
1423 1028 1525 1088 irae
1555 1027 1676 1088 Dei
1717 1028 1892 1108 erigi·

148 1119 273 1185 tur,
293 1121 359 1172 et
389 1110 672 1172 liberatur
708 1133 787 1172 ex
818 1110 1122 1171 doloribus
1152 1110 1495 1184 inferorum,
1524 1110 1680 1171 sicut
1706 1112 1892 1192 scrip-

151 1201 288 1255 tum
334 1203 433 1255 est.
474 1193 655 1254 Rom.
688 1215 751 1253 V.
786 1191 1134 1276 Justg'ficati
1148 1191 1295 1275 fide
1329 1214 1542 1274 pacem
1588 1193 1889 1254 habemus.

151 1273 300 1339 Sine
326 1273 443 1337 bac
470 1275 611 1350 fide,
635 1275 869 1337 dolores
899 1278 1055 1336 fiunt
1081 1275 1436 1358 poenitentia
1458 1276 1673 1350 Saulis,
1692 1277 1735 1338 J
1740 1276 1889 1350 udae,

153 1356 404 1431 Orestis,
430 1369 494 1419 et
520 1357 806 1419 similium
838 1359 901 1418 in
930 1358 1257 1439 tragoediis.

235 1438 374 1502 Nec
404 1438 623 1502 docent
663 1439 1085 1534 Evangelium,
1113 1440 1217 1501 sed
1258 1440 1450 1522 legem
1491 1453 1552 1502 et
1596 1441 1890 1501 humanas

152 1519 519 1598 editiones,
561 1521 898 1597 adversam,
947 1523 1101 1583 hanc
1157 1522 1340 1583 fidem
1391 1523 1481 1583 vel
1526 1524 1892 1593 omittentes,

151 1602 246 1665 vel
288 1602 470 1666 etiam
512 1616 949 1687 oppugnantes.
1034 1605 1192 1665 Cum
1234 1617 1435 1665 autem
1479 1606 1541 1665 in
1579 1627 1717 1665 vera
1750 1627 1893 1665 con-

149 1684 420 1747 versione
461 1687 611 1747 fiant
653 1686 747 1747 hoe
790 1686 1171 1757 mutationes,
1202 1686 1581 1746 mortificatio
1615 1698 1677 1746 et
1702 1686 1894 1746 vivifi-

149 1764 329 1840 catio,
369 1777 443 1828 ut
482 1766 667 1828 Rom.
698 1767 781 1828 vi.
821 1779 883 1827 et
926 1789 1083 1848 soepe
1128 1768 1274 1827 alias
1320 1766 1580 1836 dicitur;
1636 1767 1887 1828 docendi

136 1855 331 1912 'musa
366 1847 783 1910 distribuimus
825 1849 1295 1923 conversionem,
1322 1851 1413 1908 vel
1450 1850 1891 1930 poenitentiam,

149 1929 218 1992 ‘m
254 1930 372 1992 tria
410 1932 716 1993 membra:
759 1932 824 1992 in
867 1931 1312 2006 contritionem,
1342 1930 1546 2006 fidem,
1574 1943 1635 1992 et
1673 1955 1891 1993 novam
1948 2007 1952 2011 ²

149 2012 574 2075 obedientiam.
657 2013 823 2075 Nam
865 2014 973 2074 has
1011 2036 1103 2074 res
1140 2014 1561 2096 complectitur
1587 2038 1724 2075 vera
1753 2037 1895 2076 con-

150 2094 362 2171 versio,
388 2108 460 2158 ut
484 2116 603 2157 vox
628 2095 833 2156 divina
858 2108 922 2157 et
947 2118 1086 2158 vera
1111 2097 1376 2157 ecclosiae
1404 2098 1772 2178 experientia
1798 2121 1893 2158 os-

151 2176 427 2241 tendunt.
507 2178 646 2239 Nec
686 2189 889 2239 tamen
932 2178 1008 2239 de
1051 2178 1243 2239 modis
1286 2179 1590 2259 loquendi,
1636 2192 1740 2240 aut
1783 2203 1894 2240 nu-

153 2280 321 2322 mero
346 2261 608 2344 partium
640 2260 1056 2322 contentiones
1086 2282 1416 2335 movemus,
1438 2260 1543 2321 sed
1572 2284 1661 2321 res
1689 2284 1894 2323 neces-

153 2342 336 2405 sarias
389 2342 453 2404 in
509 2355 835 2425 conspectu
888 2342 1170 2404 omnibus
1226 2366 1355 2404 esse
1416 2344 1714 2404 volumus.
1806 2343 1891 2405 Et

152 2425 836 2488 maximenecessarium
866 2436 959 2487 est
978 2426 1268 2500 ecclesiae,
1285 2436 1489 2486 extare
1516 2448 1718 2487 veram
1746 2427 1892 2488 doc-

149 2506 392 2583 trinam,
417 2508 685 2591 planam,
714 2509 980 2569 maxime
1007 2509 1386 2591 perspicuam
1408 2508 1485 2568 de
1503 2519 1630 2569 tota
1651 2530 1895 2570 conver-

152 2589 341 2667 sione,
365 2611 501 2672 quae
533 2589 780 2672 quidem
810 2602 871 2652 et
899 2591 963 2651 in
990 2592 1378 2652 concionibus
1406 2590 1623 2651 divinis
1653 2613 1892 2652 summa

151 2693 293 2735 eum
314 2673 761 2767 perspicuitate,
776 2685 840 2736 et
860 2674 988 2734 sine
1015 2674 1151 2734 ullis
1182 2673 1538 2756 labyrinthis
1569 2675 1894 2756 saepissimc

151 2764 412 2836 repetita
429 2766 541 2830 est,
561 2767 629 2817 ut
647 2755 927 2839 Baptista
949 2767 1010 2816 et
1030 2756 1308 2817 Christus
1338 2756 1657 2837 inquiunt:
1702 2758 1895 2839 Agite

144 2837 587 2917 poa-atentiam,
634 2847 694 2900 et
749 2839 980 2900 credite
1027 2838 1384 2921 Evangelia
1473 2839 1651 2912 Item,
1695 2840 1895 2921 Agite

147 2919 614 2999 poenioentiam:
662 2920 827 2981 Ecce
866 2942 1069 3004 agnus
1109 2923 1254 2995 Dei,
1282 2922 1387 3003 qui
1434 2920 1596 2981 tollit
1638 2930 1892 3001 peccata

154 3001 385 3064 nundi.
464 3001 548 3064 Et
590 3002 808 3064 Paulus
852 3004 1029 3064 Rom.
1061 3004 1143 3065 iii.
1184 3004 1407 3065 Omnes
1447 3012 1657 3064 carent
1688 3003 1891 3086 ghm'a

156 3082 304 3145 Dei.
389 3082 517 3146 Hic
543 3084 620 3146 de
649 3085 1006 3147 contritione
1034 3089 1436 3160 concionamr,
1462 3097 1671 3181 postea
1698 3086 1773 3146 de
1802 3108 1892 3146 rc-

156 3165 443 3227 missione
460 3190 478 3227 z
517 3165 952 3250 Justfficamm·
976 3178 1180 3230 autem
1206 3170 1428 3252 gratis,
1450 3170 1643 3248 zpsius
1658 3170 1894 3250 gratia,

148 3269 266 3328 per
305 3249 770 3331 redemptionem
811 3252 876 3312 in
916 3252 1162 3313 Christo
1195 3249 1546 3334 perfidem.
1630 3250 1894 3310 Necesse

154 3342 250 3392 est
290 3331 491 3412 igitur,
517 3332 580 3392 in
616 3331 884 3394 doctrina
910 3333 988 3395 de
1014 3335 1417 3404 conversione,
1448 3355 1552 3392 seu
1591 3333 1894 3412 poenioen-

71 3452 75 3453 ff
154 3413 258 3487 tia,
287 3414 411 3474 fieri
458 3413 825 3475 mentionem
872 3415 1029 3476 fidei.
1115 3416 1253 3476 Nec
1289 3416 1431 3475 satis
1469 3426 1559 3475 est
1602 3414 1763 3495 quod
1804 3414 1895 3476 di-

153 3508 301 3558 cunt
329 3496 665 3570 adversarii,
691 3519 756 3557 se
784 3519 1028 3578 quoque
1054 3496 1130 3557 de
1159 3496 1278 3557 fide
1305 3497 1491 3590 loqui,
1517 3509 1580 3558 et
1607 3497 1764 3559 hanc
1791 3519 1896 3558 an-

152 3578 302 3672 teire
321 3580 763 3663 poenitentiam.
834 3579 1196 3661 Loquuntur
1224 3601 1387 3640 enim
1416 3578 1491 3640 de
1519 3578 1732 3641 notitia
1752 3579 1895 3642 doc-

157 3665 324 3723 t'nnae
345 3686 362 3721 t
406 3662 583 3723 credo
611 3661 1023 3724 remissionem
1046 3672 1426 3744 peccatorum
1457 3661 1587 3723 aliis
1616 3655 1895 3737 dari,'sic-

1014 3765 1056 3804 U
1661 3768 1699 3784 1
