2418 4172
669 345 1222 400 AUGUSTANA
1275 340 1526 399 MDXL.
1866 348 1964 401 181

233 475 451 547 tionem
495 508 623 568 quae
669 495 759 549 est
805 489 870 549 in
921 487 1167 550 Christo
1206 487 1384 559 «lesu,
1429 506 1605 569 quem
1655 489 1967 567 proposuit

231 566 414 629 Deus
433 571 914 651 propitiatorem,
932 591 1052 652 per
1051 569 1255 653 fidem
1284 570 1348 630 in
1373 568 1673 650 sanguine
1698 589 1823 628 suo.

312 649 572 714 Roman.
616 654 691 714 iv.
735 652 823 713 Ei
866 662 1068 713 autem
1110 652 1216 735 qni
1257 671 1376 711 non
1425 658 1733 731 operatur,
1776 652 1967 712 credit

229 741 431 794 autem
463 734 525 796 in
556 756 689 795 eum
716 732 1141 817 quijustfficat
1169 733 1436 814 impium,
1463 731 1967 815 reputatur-fides

230 814 363 899 q'ns
390 816 809 898 adjustitiam.

311 898 536 981 Ephes.
567 899 629 958 ii.
668 899 897 960 Gratia
932 897 1159 959 salvati
1194 897 1336 958 estis
1362 918 1484 979 per
1499 894 1726 979 fidem,
1757 906 1815 958 et
1857 898 1966 959 hoc

226 1001 345 1042 non
372 1002 447 1042 ex
472 981 654 1054 vobis,
686 982 816 1042 Dei
845 982 1001 1042 enim
1031 981 1250 1041 donum
1280 989 1387 1054 est,
1416 1002 1532 1041 non
1568 1001 1642 1040 ex
1670 982 1963 1062 opetibm,

224 1083 305 1124 ne
328 1064 466 1146 quis
477 1063 803 1147 glorietur.
887 1064 959 1124 ln
994 1064 1085 1124 his
1108 1064 1436 1137 sententiis,
1457 1075 1518 1124 et
1539 1064 1853 1136 similibus,
1875 1064 1965 1125 di-

225 1157 380 1207 serte
417 1146 591 1208 docet
622 1147 859 1221 Paulus,
888 1147 1069 1229 gratis
1099 1146 1272 1207 nobis
1306 1146 1513 1207 donari
1550 1147 1961 1208 remissionem

220 1240 606 1312 peccatorum
649 1241 711 1290 et
740 1230 1259 1310 justificationem,
1288 1252 1407 1290 non
1451 1240 1694 1312 propter
1734 1242 1965 1291 nostro·

222 1332 358 1373 rum
404 1333 655 1395 operum
702 1312 1079 1395 dignitatem.
1161 1312 1245 1372 Et
1286 1312 1350 1372 in
1394 1313 1590 1395 capite
1633 1324 1845 1394 quarto
1887 1312 1962 1373 ad

225 1392 534 1455 Romanos
577 1395 818 1479 copiose
859 1395 1143 1490 disputat,
1174 1417 1356 1476 quare
1401 1395 1514 1455 hac
1556 1396 1963 1456 consolatione

223 1476 397 1537 uobis
425 1499 577 1560 opus
606 1478 701 1538 sit.
784 1477 848 1538 Si
877 1500 1036 1538 enim
1070 1477 1387 1561 promissio
1415 1477 1702 1559 penderet
1729 1500 1804 1539 ex
1833 1478 1964 1560 dig-

221 1558 412 1620 nitate
448 1571 784 1620 nostrorum
824 1582 1095 1643 operum,
1124 1562 1293 1620 fieret
1329 1560 1570 1620 incerta.
1658 1560 1748 1621 Ut
1781 1560 1964 1642 igitur

220 1639 499 1702 adversus
541 1654 790 1702 terrores
832 1642 1061 1723 peccati
1105 1652 1168 1701 et
1211 1641 1440 1715 mortis,
1470 1641 1798 1701 habeamus
1838 1663 1964 1702 cer-

218 1733 345 1784 tam
402 1734 465 1784 et
512 1724 750 1784 firmam
809 1723 1301 1796 consolationem,
1341 1734 1403 1783 et
1452 1722 1601 1782 fides
1641 1723 1963 1784 consistere

217 1804 428 1889 possit,
455 1827 695 1867 necesse
723 1817 815 1866 est
842 1828 974 1867 eam
1005 1805 1130 1865 sola
1159 1804 1561 1865 misericordia
1588 1805 1718 1878 niti,
1747 1816 1809 1866 et
1838 1828 1958 1866 non

218 1900 422 1950 nostra
456 1888 763 1970 dignitate.
851 1890 1168 1971 Propterea
1205 1888 1423 1948 Paulus
1463 1888 1679 1968 inquit,
1707 1889 1851 1949 Ideo
1891 1910 1963 1949 ex

193 1967 341 2053 fide
363 1972 689 2032 secundum
712 1972 1006 2053 gratiam,
1029 1979 1099 2031 ut
1125 1971 1206 2031 sit
1210 1968 1413 2053 firma
1426 1971 1761 2051 promissio.
1831 1971 1961 2032 Ne-

221 2073 340 2133 que
381 2053 542 2113 enim
587 2076 667 2136 op
751 2054 809 2113 ni
838 2052 1072 2132 judicio
1100 2053 1220 2113 Dei
1251 2064 1502 2134 possunt
1529 2074 1711 2136 opera
1739 2064 1960 2129 nostra,

209 2134 389 2215 juxta
430 2134 598 2209 illud,
637 2076 1101 2218 §goiniquitates
1139 2135 1567 2208 observaveriS,
1602 2136 1739 2218 quis
1776 2137 1961 2197 susti-

218 2217 436 2279 nebit?
462 2217 728 2299 Ideoque
753 2218 1054 2279 Mediator
1074 2218 1247 2278 nobis
1268 2216 1522 2277 donatus
1545 2230 1636 2278 est
1663 2217 1961 2294 Christus,

220 2321 334 2361 nec
360 2300 800 2361 transferendus
830 2312 922 2361 est
950 2300 1077 2380 ejus
1109 2300 1297 2360 honos
1329 2300 1386 2359 in
1420 2311 1620 2360 nostra
1647 2323 1846 2383 opera.

223 2424 228 2458 3
301 2381 461 2443 Cum
502 2382 685 2464 igitur
723 2383 1000 2456 dicimus,
1028 2382 1182 2443 Fide
1208 2380 1645 2467 justificamur,
1674 2405 1796 2443 non
1842 2383 1959 2445 hoc

217 2463 629 2548 intelligimus,
657 2466 816 2546 quod
838 2465 989 2545 justi
1019 2466 1207 2526 simus
1236 2475 1480 2548 propter
1507 2465 1694 2547 ipsius
1722 2465 1958 2526 virtutis

214 2546 590 2630 dignitatem.
677 2548 794 2609 Sed
843 2550 973 2610 haec
1021 2560 1111 2609 est
1157 2547 1473 2621 sententia,
1515 2548 1800 2640 consequi
1846 2570 1957 2609 nos

214 2629 627 2692 remissionem
752 2643 1058 2710 ccatorum
1102 2642 1163 2691 et
1206 2630 1669 2712 imputationem
1702 2630 1958 2710 justitiae

215 2732 325 2795 per
364 2653 828 2775 misericorgieam
871 2724 1116 2797 propter
1141 2713 1471 2774 Christum.
1557 2713 1782 2773 Verum
1827 2713 1958 2774 haec

218 2792 619 2856 misericordia
658 2819 778 2857 non
819 2809 1018 2890 potest
1054 2796 1244 2879 accipi
1277 2796 1388 2856 nisi
1420 2795 1558 2869 fide,
1586 2808 1648 2855 et
1677 2794 1824 2855 fides
1856 2795 1957 2856 hic

217 2880 336 2936 non
365 2888 601 2938 tantum
634 2877 893 2940 historioe
923 2879 1197 2940 notitiam
1238 2878 1555 2959 significat,
1585 2877 1684 2937 sed
1729 2877 1957 2958 signifi-

216 2968 315 3019 cat
367 2958 604 3020 credere
660 2962 1037 3043 promissioni
1096 2960 1514 3022 misericordiae
1580 2981 1714 3040 quae
1781 2959 1954 3020 nobis

215 3051 458 3183 propter
500 3042 889 3112 mediatorem
932 3044 1240 3105 Christum
1291 3041 1605 3124 contingit.
1689 3041 1773 3101 Et
1810 3063 1952 3103 cum

261 3144 335 3184 oc
372 3122 554 3184 modo
592 3124 740 3186 fides
777 3126 1132 3209 intelligitur
1160 3126 1234 3186 de
1264 3124 1484 3186 fiducia
1515 3123 1951 3198 misericordiae,

214 3227 336 3266 non
374 3205 735 3268 dissentiunt
773 3208 926 3269 inter
962 3231 1026 3269 se
1051 3210 1320 3270 Jacobus
1354 3219 1415 3267 et
1445 3207 1682 3267 Paulus.
1768 3205 1949 3275 Quod

212 3289 374 3349 enim
421 3288 618 3382 inquit
651 3290 939 3364 Jacobus,
970 3291 1288 3351 Daemones
1329 3289 1584 3349 credunt
1623 3296 1682 3348 et
1719 3296 1953 3350 contra·

210 3371 489 3445 miscunt,
510 3372 792 3453 intelligit
819 3371 1001 3432 fidem
1032 3372 1108 3432 de
1137 3371 1347 3432 notitia
1371 3370 1647 3445 historiae,
1671 3369 1799 3431 haec
1827 3392 1948 3432 non

200 3451 513 3534 justificat.
597 3453 843 3515 Norunt
883 3453 1044 3514 enim
1091 3453 1399 3515 historiam
1444 3452 1624 3514 etiam
1668 3452 1839 3535 impii
1878 3475 1950 3515 ac

203 3533 452 3598 diaboli.
535 3536 755 3597 Paulus
793 3558 950 3610 vero,
979 3557 1120 3598 cum
1162 3534 1378 3617 inquit,
1405 3534 1588 3597 Fides
1624 3543 1949 3617 reputatur

7 3635 15 3646 ·
47 3629 67 3662 '··
103 3685 106 3690 ,
212 3616 299 3682 Μ
314 3617 653 3703 justitiam,
681 3622 792 3681 &c.
837 3619 1103 3701 loquitur
1142 3617 1219 3680 de
1260 3617 1483 3680 fiducia
1526 3617 1944 3681 misericordiae
1998 3690 2007 3695 ,

1021 3721 1064 3761 N
1090 3712 1128 3763 3
1614 3751 1635 3758 ,

1634 3772 1667 3785 l
