2418 4172
490 327 563 382 4⁸
1118 323 1613 379 CONPESSIO

488 469 619 551 ejus
647 467 852 531 audiat
878 468 958 530 ab
987 467 1119 552 ipso
1146 468 1629 530 absolutionem:
1670 466 1834 549 quod
1863 467 1993 548 ejus
2015 466 2099 528 rei
2129 488 2244 530 nec

488 562 856 636 praeoeptum
900 551 1116 627 ullum,
1156 573 1270 614 nec
1324 551 1676 635 exemplum
1720 562 1886 612 extet
1934 551 1998 612 in
2039 549 2246 634 Scrip-

486 634 637 697 turis
681 636 921 697 sanctis.
1007 634 1207 696 David
1296 646 1616 696 rotestatur
1655 644 1718 694 et
1759 633 1879 694 ait:
1925 630 2246 695 Delictum

486 739 686 781 meum
724 719 1030 803 cognitum
1076 718 1189 779 tibi
1254 718 1361 791 eci,
1389 726 1450 779 et
1486 717 1849 800 injustitiam
1891 736 2088 777 meam
2121 737 2244 778 non

486 802 788 863 abscondi.
875 801 1051 876 Dixi,
1094 799 1418 884 confitebor
1465 809 1680 862 cmitra
1729 820 1824 860 me
1874 797 2244 882 injustitiam

486 906 682 947 meam
721 885 988 947 Domino
1009 909 1029 945 .·
1075 892 1136 946 et
1170 893 1238 945 tu
1271 884 1564 945 remisisti
1598 884 1971 964 impietatem
2004 881 2246 963 peccati

486 970 620 1030 mei.
701 967 820 1029 Sed
864 978 927 1029 et
963 967 1268 1029 Dominus
1310 988 1477 1027 orare
1520 987 1628 1027 nos
1671 965 1914 1038 docens,
1956 963 2137 1025 simul
2181 975 2245 1026 et

486 1051 758 1113 confiteri
799 1062 1066 1134 peccata,
1093 1049 1281 1110 dixit:
1327 1050 1433 1111 Sic
1469 1049 1755 1119 ambitis,-
1802 1047 2003 1109 Pater
2038 1054 2246 1109 noster

486 1136 595 1218 qui
636 1155 700 1195 es
742 1134 807 1194 in
850 1132 1035 1207 coelis,
1072 1133 1318 1193 remitte
1356 1131 1527 1193 nobis
1568 1132 1774 1193 debita
1814 1139 2047 1206 nostra,
2083 1131 2246 1192 sicut

486 1225 548 1279 et
574 1237 685 1279 nos
711 1216 1081 1277 remittimus
1115 1214 1484 1276 debitoribus
1515 1215 1759 1275 nostris.
1844 1213 2114 1275 Necesse
2149 1225 2245 1275 est

484 1321 646 1382 ergo,
674 1311 744 1360 ut
771 1299 911 1360 Deo
948 1291 1106 1358 Patri
1147 1308 1350 1357 nostro
1384 1298 1786 1357 confiteamur
1825 1307 2073 1377 peccata
2103 1315 2245 1358 nos-

484 1394 595 1456 tra,
637 1392 700 1442 et
745 1402 885 1460 cum
935 1379 1215 1463 proximo
1257 1390 1484 1454 nostro,
1519 1378 1567 1439 si
1614 1378 1816 1461 ipsum
1865 1377 2246 1454 offendimus,

483 1464 798 1526 redeamus
845 1463 907 1523 in
953 1462 1228 1545 gratiam.
1312 1461 1412 1523 De
1448 1483 1571 1543 quo
1607 1460 1999 1523 confessionis
2026 1482 2244 1556 genere

484 1548 737 1629 loquens
797 1547 1067 1608 Jacobus
1138 1545 1481 1628 apostolus:
1561 1541 1969 1626 Corfitemim’,
2026 1545 2246 1626 lnquit,

485 1629 857 1693 alter-utrum
886 1637 1143 1711 peccata
1184 1636 1406 1690 vestra.
1493 1627 1557 1688 Si
1603 1628 1738 1708 quis
1780 1647 1923 1687 vero
1964 1639 2244 1710 peccato-

484 1734 618 1775 rum
651 1711 813 1774 mole
841 1723 904 1773 et
930 1712 1364 1773 tentationibus
1394 1710 1694 1794 perplexis
1728 1730 2069 1793 oppressus,
2098 1710 2245 1772 velit

484 1796 823 1868 consilium,
851 1794 1316 1869 institutionem,
1343 1806 1406 1855 et
1434 1793 1906 1854 consolationem
1942 1793 2244 1876 privatim,

484 1879 580 1941 vel
625 1901 659 1940 a
705 1878 978 1939 ministro
1021 1877 1329 1951 Ecclesioe‚
1372 1887 1475 1937 aut
1524 1877 1643 1939 alio
1692 1876 1895 1957 aliquo
1942 1875 2122 1937 fratre
2179 1875 2242 1937 in

485 1963 620 2045 lege
648 1961 766 2023 Dei
797 1961 996 2036 docto,
1024 1973 1247 2043 petere,
1276 1981 1397 2020 non
1430 1958 1862 2042 improbamus.
1933 1957 2246 2029 Quemad-

486 2045 736 2107 modum
776 2056 840 2105 et
869 2044 1209 2126 generalem
1246 2054 1309 2103 et
1350 2041 1656 2125 publicam
1699 2042 1866 2102 illam
1906 2041 1969 2102 in
2009 2042 2245 2139 templo

486 2149 558 2190 ac
585 2129 847 2190 coetibus
878 2126 1055 2187 sacris
1096 2125 1327 2187 recitari
1367 2124 1603 2185 solitam
1637 2123 1835 2205 (cujus
1874 2134 1939 2185 et
1971 2145 2245 2207 superius

485 2211 901 2291 meminimus)
923 2220 1307 2293 peccatorum
1332 2207 1794 2283 confessionem,
1814 2217 2026 2291 utpote
2041 2207 2246 2292 Scrip-

485 2294 634 2355 turis
663 2313 1014 2375 congruam,
1046 2292 1312 2353 maxime
1343 2292 1770 2374 approbamus.

567 2378 668 2439 De
704 2376 972 2438 clavibus
1012 2397 1075 2436 re
1162 2375 1179 2435 i
1211 2373 1351 2449 Dei,
1379 2373 1612 2435 traditis
1641 2396 1675 2435 a
1702 2372 1977 2434 Domino
2004 2383 2245 2457 aposto-

485 2459 578 2535 lis,
598 2459 772 2521 multi
804 2397 1155 2519 admiranfiii¹
1181 2457 1468 2539 garriunt,
1491 2469 1554 2518 et
1574 2477 1650 2518 ex
1674 2457 1768 2518 his
1792 2454 2024 2519 cudunt
2050 2477 2244 2530 enses,

486 2543 741 2615 lanceas,
775 2553 1011 2624 sceptra
1052 2551 1114 2602 et
1155 2562 1423 2614 coronas,
1460 2541 1824 2623 plenamque
1868 2539 1931 2601 in
1974 2538 2245 2601 maxima

484 2646 687 2709 regna,
706 2624 968 2706 denique
989 2624 1050 2684 in
1074 2623 1304 2684 animas
1325 2635 1387 2684 et
1408 2645 1676 2707 corpora,
1699 2634 2062 2707 potestatem
2077 2644 2099 2683 t
2126 2643 2237 2684 nos

484 2708 841 2791 simpliciter
874 2706 1220 2788 judicantes
1271 2707 1604 2768 secundum
1665 2708 1917 2768 verbum
1970 2705 2247 2780 Domini,

482 2790 742 2853 dicimus
770 2810 982 2851 omnes
1010 2790 1313 2851 ministros
1344 2789 1613 2871 legitime
1641 2800 1884 2851 vocatos
1923 2789 2147 2852 babere
2182 2800 2246 2851 et

483 2893 760 2936 exercere
787 2873 983 2935 claves
1014 2873 1125 2948 vel,
1155 2893 1332 2934 usum
1361 2873 1641 2948 clavium,
1669 2894 1811 2934 cum
1841 2872 2243 2955 Evangelium

484 2957 874 3031 annunciant,
902 2956 963 3018 id
991 2968 1102 3031 est,
1131 2978 1211 3040 po
1255 2956 1424 3017 ulum
1459 2977 1583 3017 suoe
1624 2954 1763 3017 fidei
1803 2954 2099 3017 creditum
2133 2953 2245 3015 do-

484 3052 642 3115 cent,
674 3041 1006 3114 hortantur,
1034 3060 1219 3101 conso
1243 3051 1437 3113 antur,
1466 3051 1529 3100 et
1557 3039 1888 3122 increpant,
1911 3038 2096 3120 inque
2122 3036 2246 3098 dis-

484 3123 706 3207 ciplina
726 3123 1005 3185 retinent.
1058 3123 1154 3184 Ita
1176 3122 1337 3183 enim
1364 3142 1618 3205 regnum
1645 3122 1940 3183 coelorum
1964 3118 2243 3205 aperiunt

482 3206 977 3288 obsequentibus,
1018 3217 1081 3269 et
1122 3205 1659 3288 inobsequentibus
1707 3202 2017 3266 claudunt.
2110 3202 2245 3266 1⁴12·

484 3290 680 3351 claves
732 3289 1010 3374 promisit
1072 3288 1358 3373 apostolis
1410 3287 1739 3361 Dominus,
1783 3287 1966 3350 Matt.
2015 3285 2137 3350 xvi.
2180 3296 2243 3346 et

485 3372 761 3454 praestitit
803 3373 983 3435 Joan.
1030 3394 1131 3435 xx.
1178 3371 1373 3435 Marci
1416 3372 1537 3433 xvi.
1581 3384 1643 3433 et
1685 3370 1839 3434 Luc.
1883 3369 2050 3433 xxiv.
2090 3363 2239 3429 dum

484 3453 723 3537 ablegat
750 3456 1097 3540 discipulos,
1116 3467 1178 3518 et
1195 3455 1375 3538 jubet
1395 3475 1499 3517 eos
1530 3455 1809 3516 universo
1835 3449 2066 3515 mundo
2093 3471 2244 3534 prae-
2346 3468 2354 3476 ·
2386 3438 2394 3445 ’

483 3534 681 3597 dicare
711 3537 1132 3621 Evangelium‚
1161 3550 1224 3600 et
1251 3538 1592 3600 condonare
1630 3548 1893 3621 peccata.
1980 3533 2242 3616 Aposto-

485 3617 578 3678 lus
624 3632 658 3679 2
705 3620 777 3679 ad
824 3621 1099 3682 Corinth.
1147 3643 1200 3679 v.
1241 3621 1406 3694 dicit,
1441 3620 1770 3680 Dominum
1802 3616 2103 3679 induisti-is
2138 3617 2240 3678 de-
