2418 4172
236 222 278 259 ἒ
647 195 677 233 ⁵.

381 277 429 316 ⁸-

624 361 877 415 FIDEI
926 360 1522 412 '1‘RIDEN'1'1NA.
1911 365 1944 411 5

0 477 3 506 Ι
189 505 554 568 venerandos
585 516 765 584 atquc
806 501 1168 565 invocandos
1208 523 1355 573 esse,
1384 522 1605 581 eosque
1643 504 1936 563 orationes

186 588 475 673 Dempro
521 586 692 647 nobis
739 584 964 657 offerre,
1005 595 1185 663 atquc
1227 604 1436 643 eorum
1486 583 1763 663 reliquias
1810 608 1937 645 csse

187 669 567 734 venerandas.

270 753 645 816 Firmissime
686 772 882 811 assero
924 747 1216 830 imagines
1250 747 1496 820 Christi,
1528 770 1595 807 ac
1624 747 1935 831 Dei-parae

186 858 425 921 semper
442 834 728 917 Virginis,
750 854 860 893 nec
892 854 1012 892 non
1042 830 1293 892 aliorum
1326 843 1691 903 sanctorum,
1716 831 1939 907 baben,-

0 916 27 989 Γ
185 919 293 983 das
312 931 375 980 et
402 916 741 979 retinendas
766 938 914 988 esse,
932 927 1114 995 atque
1134 914 1220 975 eis
1241 913 1512 975 debitum
1549 914 1836 974 honorem
1871 937 1939 974 ac

0 1022 1 1026 ’
186 1001 628 1064 venerationem
662 996 1144 1083 impertiendam.

269 1083 451 1147 Indul
495 1083 793 1144 entiarum
817 1081 997 1142 etiam
1023 1091 1380 1162 potestatem
1409 1102 1443 1139 a
1464 1079 1711 1142 Christo
1733 1079 1793 1139 in
1820 1078 1939 1140 Ec-

185 1167 365 1231 clesia
402 1105 670 1228 relictam
720 1164 921 1237 fuisse,
964 1163 1324 1243 illarumque
1369 1185 1545 1240 usum
1590 1161 1937 1223 Christiano

184 1272 269 1335 po
312 1249 415 1312 ulo
444 1249 708 1311 maxime
739 1249 1057 1308 salutarem
1089 1269 1235 1320 esse,
1264 1245 1514 1306 affirmo.

351 1345 552 1395 nctam
595 1330 998 1403 Catholicam,
1028 1341 1089 1389 et
1132 1329 1544 1411 Apostolicam
1595 1328 1933 1388 Romanam

185 1414 545 1488 Ecclesiam,
572 1414 846 1475 omnium
890 1411 1294 1472 Ecclesiarum
1346 1423 1618 1480 matrem,
1649 1425 1711 1472 et
1751 1411 1939 1491 magi-

186 1509 368 1560 stram
401 1518 680 1579 agnosco,
711 1496 1110 1575 Romanoque
1150 1494 1446 1567 Pontifici,
1476 1494 1548 1554 B.
1582 1492 1739 1554 Petri
1772 1495 1938 1576 Apo-

185 1579 472 1675 stolorum
518 1578 806 1721 prigxiipis
840 1578 1195 1718 successor}
1226 1598 1295 1635 ac
1332 1576 1482 1668 Jesu
1513 1576 1739 1636 Christi
1778 1577 1935 1636 vica-
1967 1609 1971 1613 -
2021 1655 2034 1662 -

183 1682 274 1724 no
319 1683 520 1723 veram
551 1684 589 1719 o
711 1672 955 1720 tentiam
988 1681 1013 1717 s
1061 1681 1137 1718 on
1184 1681 1257 1718 eo
1288 1680 1356 1717 ac
1411 1681 1535 1718 uro.

0 1714 12 1820 f
261 1707 501 1814 &tera
542 1744 689 1803 item
730 1742 935 1803 omnia
973 1682 1227 1800 apsacris
1258 1681 1630 1813 Carilonibus,
1669 1753 1730 1799 et
1773 1762 1938 1800 oecu-

0 1826 3 1828 ’
183 1826 434 1917 ωοῂοἰε
476 1825 785 1899 Conciliis,
828 1847 899 1885 ac
949 1823 1252 1907 praecipue
1297 1846 1331 1883 a
1375 1836 1749 1895 sacrosancta
1805 1823 1943 1883 Tri-

181 1909 429 1975 dentina
470 1908 720 1992 Synodo
757 1907 994 1980 tradita,
1025 1906 1291 1980 definita,
1320 1918 1379 1966 et
1420 1906 1735 1980 declarata,
1765 1905 1938 1966 indu-

0 1994 28 2062 ἒ·
183 1993 444 2073 bitanter
471 1993 715 2075 recipio,
747 2003 927 2071 atque
966 1991 1270 2072 profiteor,
1300 1989 1605 2071 simulque
1642 1990 1937 2050 contraria

182 2077 414 2151 omnia,⁸
428 2086 611 2158 atque
641 2075 893 2135 baereses
917 2081 1331 2155 quascumque
1360 2073 1435 2133 ab
1467 2072 1739 2135 Ecclesia
1769 2071 1937 2132 dam-

184 2170 373 2235 natas,
402 2158 670 2239 rejectas,
697 2170 759 2218 et
793 2155 1350 2229 anathematizatas,
1379 2178 1492 2237 ego
1522 2152 1742 2239 pariter
1769 2154 1937 2214 dam-

183 2264 283 2317 no,
309 2241 533 2324 rejicio,
561 2253 622 2302 et
651 2239 1116 2300 anathematizo,
1496 2278 1502 2282 -

258 2324 451 2387 ‘Hanc
479 2345 680 2385 veram
712 2322 1091 2383 Catholicam
1117 2320 1508 2394 fidem,extra
1537 2343 1722 2401 quam
1754 2341 1935 2380 nemo

182 2407 379 2470 salvus
400 2429 529 2468 esse
557 2418 778 2490 potest,
795 2427 977 2487 quam
1004 2405 1067 2464 in
1091 2403 1369 2486 proesenti
1395 2416 1610 2485 sponte
1631 2404 1935 2486 profiteor,

39 2518 129 2573 χι
181 2502 245 2553 et
271 2491 568 2561 *veraciter
608 2502 805 2563 tenen,
833 2487 1085 2550 eandem
1136 2486 1429 2568 integram
1467 2498 1529 2547 et
1567 2486 1935 2558 inviolatam,

76 2608 105 2630 a
135 2581 374 2662 ,mue
417 2573 493 2634 ad
538 2584 877 2634 extremum
918 2571 1060 2631 vitae
1111 2569 1408 2652 spiritum,
1451 2569 1935 2630 constantissime

103 2658 105 2661 ’
168 2654 351 2737 ³(Deo
388 2655 734 2736 adjuvante)
776 2655 1047 2724 retinere,
1078 2665 1140 2713 et
1168 2652 1462 2726 confiteri,
1492 2664 1673 2733 atque
1715 2675 1750 2712 a
1786 2651 1932 2712 meis

49 2810 59 2827 ‚
175 2739 458 2813 subditis,
478 2739 573 2800 vel
603 2738 739 2812 illis,
759 2759 1016 2819 quorum
1041 2758 1182 2797 cura
1204 2736 1276 2796 ad
1301 2757 1400 2796 me
1432 2737 1492 2796 in
1526 2757 1773 2796 munere
1796 2757 1933 2794 meo

41 2804 154 2893 ³¹
181 2846 211 2884 s
312 2903 315 2905 ‚
378 2823 499 2917 pit,
538 2822 749 2896 teneri,
791 2820 1010 2895 doceri,
1054 2832 1117 2880 et
1159 2818 1490 2901 praedicari,
1529 2830 1823 2899 quantum
1870 2818 1931 2876 in

184 2927 245 2968 m
303 2916 442 2980 ent,
470 2917 836 2967 curaturum.

131 3019 163 3055 v
265 2986 403 3072 Ego
444 2987 604 3049 idem
649 2986 732 3048 N.
773 2986 1061 3071 spondeo,
1105 3006 1312 3058 vove0,
1358 3006 1427 3045 ac
1465 2984 1640 3063 juro:
1694 2983 1778 3043 sic
1835 3004 1931 3043 me

33 3103 51 3123 ..
69 3097 99 3122 ι
183 3069 356 3134 Dens
383 3070 643 3151 adjuvet,
671 3082 734 3132 et
762 3070 892 3133 baec
922 3086 1127 3132 sancta
1159 3068 1276 3129 Dei
1308 3066 1655 3148 Evangelia.

1012 3743 1114 3792 83
1640 3777 1668 3787 ,
