2418 4172
506 359 614 411 400
1135 356 1624 414 PRAEFATIO.

506 509 817 573 steterunt,
846 498 1081 559 Satanae
1112 499 1416 574 ministris,
1446 500 1586 562 licet
1613 501 1675 561 in
1708 503 1951 583 angelos
1990 504 2141 567 lucis
2184 527 2248 566 se

503 582 1083 655 transformantibus,
1114 582 1407 664 intrepide
1436 605 1498 643 se
1526 596 1956 666 opposuerunt,
1982 608 2245 649 errorum

503 676 565 726 et
592 664 902 727 discordiae
946 665 1176 726 semina
1220 666 1605 740 sustulerunt,
1632 666 1967 728 Ecclesiam
2013 668 2075 729 in
2116 670 2249 731 reli·

549 748 698 808 'onis
802 770 919 808 urae
977 747 1293 809 concordia
1343 762 1786 823 conservarunt,
1832 762 1893 810 et
1949 751 2245 813 sincerum

502 769 624 891 gei
682 770 911 891 cultum
968 830 1040 891 ad
1090 831 1499 913 posteritatem
1554 832 1850 894 illibatum
1904 834 2246 895 transmise-

503 923 661 974 runt.

586 994 783 1057 Simili
828 995 1123 1055 beneficio
1165 993 1359 1056 fidelis
1403 1007 1604 1057 noster
1637 999 1916 1057 Servator
1961 996 2248 1062 Ecclesiae

501 1075 785 1159 Belgicae,
814 1099 1003 1136 annos
1033 1076 1292 1157 aliquam
1327 1078 1550 1139 multos
1580 1078 2003 1153 afflictissimae,
2030 1080 2250 1162 gratio-

502 1183 631 1221 sam
690 1180 861 1225 suam
967 1159 1297 1219 raesentiam
1349 1160 1467 1220 hoc
1515 1173 1787 1254 tempore
1838 1172 2090 1223 testatus
2138 1174 2248 1224 est.

503 1243 687 1303 Hanc
731 1240 891 1301 enim
1025 1241 1265 1301 clesiam
1312 1264 1348 1301 a
1391 1242 1653 1304 Romani
1684 1243 2020 1304 antichristi
2048 1255 2250 1327 tyran-

500 1324 642 1385 nide
697 1334 760 1383 et
809 1322 1077 1383 horribili
1135 1334 1391 1407 papatus
1447 1324 1783 1386 idololatria
1838 1325 2070 1408 potenti
2125 1326 2247 1390 Dei

500 1428 687 1468 manu
721 1404 1107 1480 vindicatam,
1151 1406 1214 1466 in
1258 1407 1397 1468 belli
1442 1406 1709 1468 diuturni
1831 1407 2030 1470 riculis
2071 1410 2249 1472 toties

501 1489 858 1550 miraculose
902 1488 1288 1561 custoditam,
1325 1501 1385 1550 et
1433 1489 1493 1550 in
1532 1511 1685 1552 veroe
1776 1490 2019 1554 octrinoe
2067 1503 2250 1573 atque

498 1572 831 1656 disciplinoe
861 1571 1182 1633 concordia
1212 1572 1285 1633 ad
1328 1572 1448 1634 Dei
1486 1573 1574 1634 sui
1608 1573 1870 1647 laudem,
1897 1573 2250 1638 admirabile

499 1656 733 1739 reipub.
761 1656 1223 1730 incrementum,
1244 1655 1550 1736 totiusque
1579 1656 1883 1719 reformati
1913 1656 2075 1721 orbis
2102 1679 2250 1740 gau-

496 1737 670 1799 dium
740 1738 1223 1809 efflorescentem,
1276 1738 1567 1800 JACOBUS
1608 1739 1944 1802 Amisimus
1998 1738 2247 1822 ejusque

499 1832 839 1894 sectatores,
867 1842 1088 1881 nomen
1122 1821 1678 1885 Remonstrsntium
1711 1843 1833 1904 prae
1873 1845 1937 1884 se
1971 1821 2248 1898 ferentes,

499 1904 695 1979 variis,
724 1916 848 1964 tam
877 1903 1196 1977 veteribus,
1223 1925 1406 1984 quam
1437 1903 1605 1965 novis
1635 1905 1954 1979 erroribus,
1980 1905 2245 1987 primum

497 1997 677 2059 tecte,
705 1985 926 2046 deinde
954 2007 988 2045 a
1068 1998 1158 2046 rte
1185 1996 1514 2060 tentarunt,
1542 1996 1603 2047 et
1631 1985 1993 2048 scandalosis
2020 1986 2250 2053 dissen-

499 2069 767 2130 sionibus
810 2090 880 2129 ac
923 2007 1066 2128 sciie

498 2163 736 2212 tantum
766 2150 1090 2211 discrimen
1131 2150 1531 2224 adduxerunt,
1560 2162 1628 2213 ut
1667 2151 2101 2215 florentissimae
2127 2152 2250 2222 Ec-

486 2235 714 2308 clesiae,
740 2234 854 2294 nisi
887 2234 1213 2294 Servatoris
1243 2233 1426 2295 nostri
1460 2233 1762 2296 miseratio
1789 2246 2128 2328 opportune
2155 2235 2251 2298 in-

497 2317 867 2392 tervenisset,
898 2317 1162 2377 horribili
1196 2316 1576 2378 dissidiorum
1616 2330 1679 2377 et
1717 2317 2112 2380 schismatum
2157 2318 2250 2381 in-

496 2400 714 2462 cendio
761 2399 1005 2462 tandem
1059 2400 1541 2482 conflagrassent.
1624 2398 1994 2463 Benedictus
2042 2410 2246 2464 autem

501 2482 580 2544 sit
626 2484 687 2544 in
735 2483 950 2544 saecula
987 2482 1313 2554 Dominus,
1343 2482 1448 2563 qui
1490 2493 1811 2575 postquam
1857 2482 1930 2544 ad
1976 2504 2248 2547 momen-

497 2576 632 2628 tum
664 2566 878 2626 faciem
909 2587 1077 2625 suam
1110 2587 1145 2625 a
1173 2565 1347 2626 nobis
1381 2567 1515 2645 (qui
1547 2564 1752 2626 multis
1783 2564 1978 2627 modis
2006 2565 2155 2629 iram
2184 2578 2249 2628 et

498 2647 975 2730 indignationem
1029 2647 1160 2728 ejus
1211 2650 1768 2729 provocaveramus)
1818 2647 2247 2721 abscondisset.

502 2731 776 2792 universo
804 2730 933 2791 orbi
962 2741 1248 2792 testatum
1282 2730 1443 2803 fecit,
1472 2751 1535 2791 se
1563 2729 1807 2792 foederis
1850 2730 1942 2792 sui
1980 2753 2103 2793 non
2139 2733 2248 2795 ob-

498 2814 709 2885 livisci,
737 2825 799 2875 et
826 2813 1080 2897 suspiria
1107 2834 1351 2875 suomm
1383 2836 1504 2875 non
1534 2835 1829 2896 spernere.
1890 2813 2053 2876 Cum
2081 2814 2244 2879 enim

496 2898 599 2959 vix
630 2897 752 2958 ulla
781 2895 1031 2958 remedii
1060 2917 1196 2980 spes
1228 2896 1579 2959 humanitus
1615 2909 1945 2979 appareret,
1972 2897 2249 2960 illustris·

497 2981 667 3043 simis
716 2991 777 3043 et
835 2980 1303 3064 pra-,potentibus
1353 2979 1551 3062 Belgii
1607 2979 1884 3042 foederati
1937 2978 2246 3044 ordinibus

539 3063 876 3125 eneralibus
920 3064 1077 3125 banc
1118 3073 1385 3124 mentem
1433 3061 1761 3146 inspiravit,
1789 3075 1855 3125 ut
1896 3062 2149 3126 consilio
2179 3074 2249 3126 et

493 3086 827 3209 directione
871 3146 1251 3208 illustrissimi
1297 3157 1358 3208 et
1401 3145 1708 3208 fortissimi
1739 3145 2027 3229 principis
2053 3147 2247 3210 Anu-

499 3230 682 3292 sicani
733 3229 1019 3315 legitimis
1066 3229 1298 3300 mediis,
1327 3251 1463 3311 quae
1505 3230 1772 3313 ipsorum
1816 3229 2246 3315 apostolorum,

496 3324 562 3373 et
602 3335 739 3394 quoe
788 3335 891 3374 eos
939 3324 1160 3374 secutae
1209 3313 1498 3376 Ecclesioe
1540 3312 1901 3376 Christianoe
1948 3310 2244 3396 exemplis

500 3395 681 3478 longo
706 3406 832 3458 tem
919 3416 1050 3458 rum
1082 3396 1338 3458 decursu
1377 3409 1521 3459 sunt
1549 3418 1682 3459 com
1731 3396 1959 3470 robats,
1986 3405 2050 3459 et
2077 3412 2243 3476 meg—

500 3498 579 3537 no
624 3500 763 3539 cum
869 3492 1009 3541 uctu
1050 3479 1110 3541 in
1157 3479 1429 3542 Ecclesia
1471 3480 1655 3542 etiam
1689 3418 1946 3562 &elgies
1984 3474 2242 3541 anuh-e

499 3572 799 3642 usurpata,
826 3563 1208 3624 soevientibus
1243 3563 1410 3625 hisee
1450 3562 1622 3625 malis
1656 3561 1900 3624 obviam
1927 3560 2016 3623 iro
2039 3555 2242 3620 deue-

497 3642 710 3716 verint,
750 3643 1173 3724 synodumque
1219 3667 1298 3707 ex
1346 3645 1648 3720 omnibus,
1689 3643 1909 3724 quibu·
1956 3651 2242 3724 prosunt,

1035 2068 1349 2129 ismatibus
1394 2067 1777 2150 pertinaciter
1815 2069 2139 2142 turbatam,
2184 2070 2247 2135 in
2345 2114 2356 2123 ·

2358 3700 2411 4172 -··**.·1q.·gw.,
2384 3640 2393 3653 ⁶
