2418 4172
988 250 1011 318 [
1084 250 1190 301 xvii
1264 254 1286 320 ]

212 390 502 454 Ecclesiae
548 390 803 451 ministri
847 390 1301 474 responderunt,
1349 414 1539 475 nuper
1582 394 1782 458 denuo
1832 423 1866 459 a
1907 424 1969 463 se

212 487 435 550 editam
480 509 610 549 esse
646 486 1010 549 Basileensis
1039 487 1328 550 Ecclesiae
1360 490 1843 569 Confessionem,
1871 500 1966 558 cui

211 606 422 646 omnes
445 584 943 668 subscripserint:
986 607 1168 667 quare
1199 609 1316 647 non
1350 586 1536 648 videri
1566 589 1680 649 sibi
1712 612 1969 667 necesse,

213 691 283 743 ut
321 680 522 743 denuo
565 680 1171 744 alteri'subscribant.
1261 683 1491 746 Rursus
1536 686 1612 746 ab
1655 685 1774 747 illis
1817 691 1970 769 peti-

212 789 341 840 tum
387 779 521 854 fuit,
565 790 631 840 ut
674 780 850 841 liceat
895 782 1054 841 bona
1096 782 1360 864 ipsorum
1408 782 1617 864 gratia,
1657 783 1718 843 in
1762 785 1969 867 praefa-

211 875 377 938 tione
441 876 829 938 honorificam
905 877 1098 938 facere
1169 878 1541 939 mentionem
1607 879 1968 941 Basileensis

212 972 641 1050 Confessionis,
670 996 739 1036 ac
769 974 994 1047 testari,
1023 973 1184 1055 quod
1214 975 1460 1055 reliquis
1483 975 1731 1038 urbibus
1753 980 1969 1059 probe-

211 1082 328 1147 tur,
356 1083 417 1133 et
444 1071 601 1133 inter
629 1094 691 1133 se
721 1071 1135 1133 consentiant:
1182 1072 1283 1132 sed
1316 1095 1393 1133 ne
1424 1072 1539 1134 hoc
1569 1073 1814 1154 quidem
1851 1076 1968 1136 illis

210 1167 456 1251 placuit.
544 1168 804 1230 Causam
850 1168 1012 1228 enim
1059 1168 1215 1229 hanc
1247 1169 1478 1248 justam
1515 1181 1575 1230 et
1603 1193 1838 1251 aequam
1877 1172 1969 1232 Si-

212 1286 355 1326 mon
385 1265 666 1327 Sulzerus
696 1265 862 1326 omni
895 1276 1115 1326 conatu
1157 1266 1562 1349 impediebat:
1612 1290 1723 1328 nec
1764 1279 1965 1329 tamen

212 1383 422 1423 omnes
450 1362 505 1422 ei
535 1361 1079 1445 adstipulabantur‚
1110 1361 1214 1422 sed
1242 1363 1485 1423 fuerunt
1513 1364 1712 1439 multi,
1738 1366 1840 1446 qui
1878 1388 1967 1426 se-

210 1458 540 1518 cessionem
581 1457 808 1517 nullam
842 1457 1149 1536 a'reliquis
1181 1457 1481 1519 Helvetiae
1511 1460 1759 1520 urbibus
1789 1483 1967 1522 evan-

209 1553 416 1635 gelicis
446 1552 781 1614 faciendam
814 1574 941 1613 esse
970 1554 1315 1613 censebant.

1070 1731 1192 1792 III.

289 1839 825 1906 AUGUSTANA
876 1842 1194 1903 Confessio
1244 1843 1436 1919 Fidei,
1483 1867 1516 1905 a
1566 1845 1646 1906 D.
1679 1846 1964 1931 Philippo

207 1941 644 2004 Melancthone
683 1943 748 2002 in
799 1942 943 2024 ipsis
992 1941 1213 2024 scripta
1259 1943 1520 2003 comitiis
1563 1944 1801 2027 imperii
1840 1946 1969 2006 Au-

208 2050 398 2121 gustae
425 2038 878 2100 Vindelicorum
922 2038 1163 2114 habitis,
1201 2062 1358 2099 anno
1386 2039 1641 2101 Domini
1685 2054 1860 2104 1530.
1891 2045 1966 2103 ab

207 2135 622 2196 illustrissimis
667 2136 895 2216 aliquot
934 2135 1276 2196 Germaniae
1306 2137 1687 2218 Principibus
1730 2139 1814 2198 ibi
1846 2139 1964 2199 Ca-

206 2231 334 2292 rolo
362 2232 438 2293 V.
484 2232 843 2315 Imperatori
890 2232 1163 2292 exhibita
1206 2233 1338 2293 fuit.
1427 2234 1641 2294 Postea
1690 2235 1752 2294 in
1799 2236 1965 2295 Lati-

206 2349 349 2388 nam
392 2327 665 2412 linguam
710 2351 1012 2404 conversa,
1041 2329 1210 2410 cujus
1250 2329 1424 2390 variae
1463 2341 1604 2390 sunt
1631 2342 1691 2391 et
1720 2331 1965 2393 diversae

205 2423 518 2502 editioneS‚
547 2437 617 2488 ut
645 2438 890 2510 apparet
918 2448 994 2487 ex
1025 2425 1289 2487 editione
1318 2426 1566 2510 Lipsiae,
1598 2450 1758 2488 anno
1787 2429 1962 2491 1565.

203 2519 371 2584 Nam
399 2526 727 2607 recognita,
751 2547 951 2586 rursus
982 2524 1255 2586 exhibita
1284 2525 1400 2586 fuit
1430 2525 1811 2588 Ferdinando
1842 2528 1967 2588 Im·

204 2622 483 2704 peratori,
528 2623 591 2684 in
643 2623 902 2685 comitiis
952 2624 1211 2707 imperii,
1258 2646 1414 2685 anno
1471 2636 1646 2688 1558.
1694 2637 1755 2687 et
1806 2650 1963 2688 anno

213 2717 392 2780 1561.
477 2720 592 2781 Illa
635 2742 774 2783 vero
817 2720 1003 2781 editio
1046 2743 1181 2803 quae
1210 2721 1603 2806 Wittebergae
1648 2723 1808 2784 edita
1850 2725 1964 2785 fuit

206 2836 366 2876 anno
403 2827 578 2878 1540.
611 2817 713 2879 hic
741 2818 1079 2879 exhibetur.

1074 3000 1165 3061 IV

801 3062 829 3087 N
1168 3047 1182 3061 .

290 3103 732 3169 SAXONICA
778 3107 1095 3170 Confessio
1147 3108 1317 3169 Fidei
1371 3109 1590 3192 scripta
1630 3109 1747 3170 fuit
1802 3134 1960 3172 anno

204 3200 459 3263 Domini
496 3215 671 3265 1551.
696 3205 759 3265 in
781 3205 1029 3287 Synodo
1049 3205 1469 3289 Wittebergae,
1500 3206 1605 3267 ubi
1637 3206 1961 3271 Saxonica-

205 3320 339 3359 rum
371 3309 432 3359 et
462 3299 858 3361 Misnicarum
890 3301 1296 3363 Ecclesiarum
1323 3303 1615 3378 PastoreS‚
1635 3314 1697 3365 et
1723 3304 1961 3367 Acade·

204 3394 463 3465 miarum
492 3395 791 3458 Doctores
822 3410 1259 3460 convenerant:
1313 3399 1417 3480 qui
1467 3422 1676 3461 omnes
1720 3402 1775 3462 ei
1821 3405 1959 3463 sub-

205 3490 586 3573 scripserunt,
618 3504 903 3575 tanquam
948 3494 1319 3578 Augustanae
1363 3495 1741 3559 Confessioni
1789 3520 1958 3580 repe-

1102 3622 1142 3680 b

1671 3762 1705 3773 l
