2418 4172
486 368 592 422 140
1111 370 1593 425 CONFESSIO

482 508 745 574 sentiant
782 532 819 573 a
846 510 1168 595 Scripturis
1206 512 1445 587 sanctis,
1472 523 1535 574 et
1566 509 1788 573 laedant
1814 511 2067 604 gloriam
2095 532 2232 595 pes-

481 592 666 655 eionis
708 592 954 655 Christi.
1039 593 1202 655 Nam
1246 595 1447 678 passio
1489 594 1717 656 Christi
1754 592 1871 655 fuit
1907 594 2135 656 oblatio
2166 607 2231 656 et

481 674 825 750 satisfactio,
854 698 975 737 non
1013 676 1209 738 solum
1249 699 1360 760 pro
1399 678 1576 760 culpa
1617 676 1701 736 ori
1750 676 1881 750 ’nis,
1909 675 2014 737 sed
2040 676 2227 749 etiam

479 779 592 841 pro
612 759 895 819 omnibus
924 758 1167 840 reliquis
1197 760 1476 856 peccatis,
1510 772 1575 821 ut
1603 758 1676 819 ad
1779 759 2007 819 ebraeos
2041 758 2231 842 scrip-

480 851 614 901 tum
661 852 784 903 est:
830 839 1216 924 Sanctificate
1261 864 1471 903 sumus
1510 864 1625 923 per
1672 841 2033 902 oblationem
2063 840 2230 903 Jm

487 921 724 984 Christi
762 923 964 986 semel.
1051 925 1233 997 Item,
1271 924 1411 985 Una
1453 924 1754 986 oblatione
1796 924 2230 993 consummavit

476 1005 544 1068 in
614 1014 932 1087 erpetuum
959 1004 1396 1148 ‘'ancffficatoe·

597 1099 743 1161 tem,
771 1087 1079 1170 Scriptura
1156 1099 1310 1162 ocet,
1338 1087 1472 1149 Nos
1500 1110 1702 1150 eoram
1732 1089 1870 1150 Deo
1910 1085 2231 1171 ustificat-⁸⁹

466 1168 796 1253 perfidem
823 1170 891 1230 in
929 1170 1255 1244 Christum,
1283 1192 1421 1231 cum
1454 1171 1775 1245 credimus,
1796 1111 1971 1233 negiu
2001 1170 2227 1232 remitti

474 1264 722 1334 peccata
748 1263 995 1334 propter
1021 1251 1357 1313 Christum.
1426 1253 1469 1314 J
1474 1274 1571 1313 am
1603 1253 1653 1312 si
1686 1253 1868 1314 missa
1893 1253 2057 1316 delet
2084 1275 2228 1337 pec-

474 1346 606 1395 cata
646 1334 918 1395 vivorum
963 1345 1024 1394 et
1062 1347 1439 1395 mortuorum
1469 1356 1544 1395 ex
1574 1355 1755 1417 opere
1786 1346 2051 1416 operato,
2076 1356 2225 1396 con-

472 1415 656 1497 tingit
687 1416 1044 1495 justificatio
1086 1438 1163 1478 ex
1205 1438 1386 1510 opere
1432 1418 1771 1490 missarum,
1798 1438 1923 1477 non
1959 1437 2038 1479 ex
2080 1415 2224 1493 fide,

474 1498 637 1579 quod
669 1499 961 1581 scriptura
990 1522 1114 1560 non
1143 1512 1387 1581 patitur.

554 1580 675 1643 Sed
706 1581 984 1643 Christus
1003 1582 1183 1662 jubet
1210 1582 1404 1643 facere
1433 1579 1493 1640 in
1525 1581 1616 1642 sui
1647 1581 2023 1656 memoriam,
2040 1602 2226 1663 quare

471 1663 654 1724 missa
682 1664 959 1725 instituta
986 1675 1096 1739 est,
1126 1677 1194 1725 ut
1224 1664 1372 1725 fides
1400 1666 1464 1724 in
1494 1663 1586 1736 iis,
1615 1664 1720 1745 qui
1751 1672 2006 1725 utuntur
2031 1685 2226 1725 sacn-

472 1757 698 1820 mento,
726 1746 1089 1821 recordetur,
1118 1769 1254 1828 quoe
1284 1746 1578 1807 beneficia
1606 1746 1862 1829 accipiat
1888 1768 1997 1829 per
2014 1746 2225 1807 Chris-

470 1840 626 1902 tum,
654 1842 717 1889 et
757 1829 949 1911 erigat
985 1841 1045 1890 et
1085 1830 1427 1890 consoletur
1459 1827 1738 1922 pavidam
1770 1829 2223 1901 conscientiam,

468 1909 635 1974 Nam
668 1910 726 1972 id
756 1923 848 1973 cst
875 1911 1223 1973 meminisse
1251 1912 1500 1985 Christi,
1530 1911 1824 1972 beneficia
1854 1911 2222 1988 meminisse,

470 2015 541 2055 ac
569 1994 807 2068 sentire,
837 1994 1000 2075 quod
1029 2016 1166 2055 vere
1193 1994 1595 2055 exhibeantur
1621 1994 1816 2054 nobis.
1899 1993 2040 2056 Nec
2075 1995 2221 2057 satis

467 2089 561 2137 est
604 2075 912 2140 historiam
956 2075 1268 2151 recordari,
1307 2076 1449 2158 quia
1492 2074 1651 2136 hanc
1692 2075 1874 2136 etiam
1913 2074 2117 2138 Judaei
2157 2087 2222 2139 et

466 2157 641 2241 impii
672 2158 967 2220 recordari
995 2172 1265 2242 possunt.
1336 2158 1453 2220 Est
1485 2158 1670 2240 igitur
1698 2158 1772 2220 ad
1803 2158 1922 2220 hoc
1947 2158 2222 2222 facienda

468 2241 671 2315 missa,
713 2257 783 2302 ut
838 2242 923 2303 ibi
974 2242 1312 2324 porrigatur
1353 2253 1793 2303 sacramentum
1841 2241 1953 2316 his,
1996 2241 2219 2324 quibus

465 2345 620 2407 opus
672 2337 765 2385 est
813 2325 1242 2399 consolatione,
1287 2325 1444 2386 sicut
1483 2324 1843 2385 Ambrosius
1893 2323 2011 2385 ait:
2053 2324 2219 2393 Quia

466 2429 705 2489 semper
732 2430 938 2490 pecco,
968 2428 1207 2490 semper
1232 2407 1424 2467 debeo
1452 2407 1723 2489 accipere
1751 2405 2136 2468 medicinam.

547 2489 712 2550 Cum
757 2503 958 2551 autem
1001 2490 1183 2550 missa
1221 2490 1298 2550 sit
1337 2490 1473 2550 talis
1511 2489 1983 2550 communicatio
2023 2510 2216 2550 sacra-

466 2571 678 2645 menti,
707 2583 972 2633 servatur
1009 2571 1169 2655 apud
1208 2594 1317 2633 nos
1352 2594 1474 2633 una
1510 2571 1853 2633 communis
1883 2570 2068 2632 missa
2093 2571 2217 2633 sin·

464 2652 622 2736 gulis
672 2653 831 2715 feriis
881 2665 1063 2736 atque
1106 2654 1234 2715 aliis
1278 2654 1459 2715 etiam
1505 2654 1738 2728 diebus,
1779 2654 1828 2715 si
1874 2653 1979 2734 qui
2023 2676 2217 2716 sacra·
2301 2677 2310 2686 ’

465 2747 674 2797 mento
715 2737 903 2798 velint
946 2737 1055 2811 uti,
1094 2737 1197 2798 ubi
1242 2737 1567 2831 porrigitur
1609 2748 2053 2798 sacramentum
2097 2736 2215 2812 his,

463 2817 567 2898 qui
611 2829 845 2902 petunt.
931 2818 1152 2901 Neque
1196 2819 1296 2881 hic
1335 2841 1465 2881 mos
1494 2821 1556 2880 in
1589 2820 1838 2881 ecclesia
1872 2841 2065 2883 novus
2101 2831 2213 2882 eet.

461 2899 628 2962 Nam
673 2914 901 2963 veteres
944 2914 1086 2964 ante
1127 2902 1488 3046 Greffigrium
1529 2925 1651 2963 non
1689 2902 1921 2963 faciunt
1957 2901 2216 2965 mentio-

463 3006 604 3045 nem
661 2985 906 3068 privatae
964 2985 1180 3046 rnissoe.
1332 3008 1365 3046 e
1420 2986 1731 3047 communi
1791 2985 1974 3047 missa
2071 2984 2214 3049 luri-.-

462 3088 634 3129 mum
692 3067 1037 3149 loquuntur.
1120 3068 1592 3151 chrysostomus
1639 3068 1763 3130 ait:
1822 3006 2208 3143 Saeerdbtem

460 3148 731 3230 quotidie
773 3163 928 3212 stare
970 3150 1045 3212 ad
1089 3151 1291 3225 altare,
1316 3163 1379 3213 et
1415 3151 1562 3212 alios
1600 3150 1675 3212 ad
1714 3150 2207 3219 communionem

461 3254 777 3309 accersere,
805 3233 952 3295 alios
995 3256 1208 3296 arcere.
1294 3233 1378 3295 Et
1421 3256 1498 3295 ex
1540 3234 1871 3295 canonibus
1908 3233 2206 3295 veteribus

461 3327 727 3408 apparet,
769 3338 960 3379 unum
1009 3317 1273 3400 aliquem
1324 3317 1655 3379 celebrasse
1698 3315 1967 3391 missam,
2006 3336 2043 3377 a
2124 3334 2206 3376 uo

461 3397 672 3492 reliqui
756 3400 1045 3483 resbyteri
1084 3412 1146 3462 et
1173 3400 1411 3463 diaconi
1447 3411 1794 3462 sumserunt
1832 3416 2048 3491 eorpus

462 3480 630 3541 mim.
761 3482 815 3544 ic
842 3483 1004 3545 enim
1036 3495 1251 3546 sonant
1277 3484 1458 3546 verba
1477 3482 1726 3546 canonis
1746 3480 2005 3543 Niceutz
2047 3478 2206 3541 acci-

461 3560 904 3656 piant‘diaconi
950 3566 1285 3628 secundum
1326 3565 1597 3628 ordinem
1632 3574 1771 3647 poet
1803 3561 2206 3657 presbyteros,

460 3642 539 3703 ab
561 3665 845 3728 episcopo
874 3648 965 3709 vel
995 3670 1031 3709 a
1058 3650 1409 3730 presbytero
1436 3667 1665 3709 sacram
1687 3664 2200 3708 communionem.
