2418 4172
662 312 1214 367 AUGUSTANA
1266 311 1510 365 MDXL.
1844 313 1950 369 215

0 413 22 536 Ξ
209 451 690 535 archiepiscopus
719 453 1139 535 Moguntinus,
1159 453 1244 515 ita
1269 460 1617 515 exarserunt
1645 451 1728 543 ira
1758 474 1947 514 sacer-

0 539 13 550 “
206 533 396 609 dotes,
425 546 493 596 ut
531 535 899 597 minarentur
937 558 1000 597 se
1039 536 1333 618 impetum
1364 533 1622 596 facturos
1653 554 1713 593 in
1746 534 1943 615 ipsum

206 615 744 711 archiepiscopum.
827 616 913 681 Et
965 629 1098 678 erat·
1147 638 1239 677 res
1294 637 1435 677 cum
1492 614 1756 696 indigna,
1814 627 1942 676 tum

205 699 418 760 acerba
466 699 721 779 abjicere
770 710 1090 780 praesentes
1135 696 1438 778 conjuges,
1475 696 1576 758 sed
1626 697 1771 758 vicit
1817 710 1946 758 tan-

202 778 343 843 dem
374 781 466 842 vel
496 782 583 842 vis
612 781 704 841 vel
735 779 1093 862 superstitio.
1178 779 1423 849 Quanto
1453 779 1654 840 mitior
1682 779 1797 839 fuit
1825 779 1949 862 Cy-

26 879 46 903 ·
138 889 145 893 ·
201 862 445 947 prianus
488 862 856 937 mulieribus,
885 883 1023 942 quae
1068 884 1189 922 non
1232 862 1544 922 servabant
1585 862 1938 943 promissam

201 943 578 1008 castitatem:
621 944 828 1006 scribit
867 945 1030 1006 enim
1076 945 1178 1005 lib.
1217 944 1432 1026 prim0,
1466 943 1718 1026 epistola
1760 944 1949 1005 unde-

202 1025 381 1101 cima,
406 1033 442 1063 ‘⁸
464 1027 528 1088 Si
568 1048 938 1109 perseverare
977 1026 1191 1088 nolunt
1229 1038 1333 1087 aut
1369 1048 1489 1087 non
1518 1038 1790 1108 possunt,
1818 1048 1946 1087 me·

202 1115 243 1146 ‘⁸
267 1107 386 1171 lius
421 1120 531 1187 est,
559 1121 627 1171 ut
662 1110 898 1171 nubant
929 1131 1112 1191 quam
1147 1120 1214 1170 ut
1244 1108 1306 1169 in
1336 1109 1536 1190 ignem
1567 1108 1794 1170 deliciis
1824 1109 1946 1169 suis

202 1196 242 1229 ‘⁸
265 1189 505 1267 cadant,
531 1203 691 1253 certe
719 1192 954 1253 nullum
985 1191 1263 1254 fratribus
1303 1203 1407 1252 aut
1443 1191 1740 1253 sororibus
1778 1214 1948 1253 scan-

203 1278 242 1310 “
266 1271 472 1335 delum
503 1275 859 1356 praebeant.'’

290 1355 476 1417 Porro
531 1355 767 1436 injustae
811 1356 973 1449 leges
1023 1378 1144 1416 non
1194 1357 1388 1416 solent
1434 1377 1564 1417 esse
1620 1366 1945 1438 perpetuae.

210 1435 523 1519 Rogamus
552 1438 734 1532 igitur
759 1451 1059 1520 optimum
1091 1438 1545 1520 imperatorem,
1570 1450 1636 1498 ut
1659 1438 1813 1498 inter
1832 1459 1946 1498 coe·

206 1529 334 1582 toea
385 1521 651 1582 ecclesiae
708 1520 1090 1581 incommoda
1144 1521 1325 1580 etiam
1383 1520 1561 1599 hujus
1610 1520 1664 1579 le
1708 1520 1757 1579 is
1800 1519 1947 1580 vitia

205 1599 555 1663 consideret.
643 1602 782 1669 Qua
826 1602 889 1662 in
927 1624 991 1661 re
1027 1614 1091 1661 et
1127 1601 1274 1662 illud
1308 1542 1804 1661 considerandum
1836 1612 1947 1673 est,

203 1692 417 1745 natura
455 1682 586 1765 ipsa
624 1682 943 1744 hominum
981 1683 1164 1743 veluti
1202 1683 1457 1743 senescit
1484 1694 1547 1743 et
1575 1684 1646 1742 fit
1674 1682 1947 1742 imbecil-

204 1762 354 1836 lior}
395 1785 579 1845 quare
598 1763 1030 1847 providendum
1058 1777 1166 1837 est,
1188 1787 1265 1824 ne
1285 1764 1430 1824 vitia
1453 1775 1740 1825 crescant.
1810 1763 1947 1825 Nee

204 1844 429 1908 debent
455 1847 617 1941 leges
646 1848 665 1907 i
713 1869 792 1907 sae
819 1847 1050 1907 semina
1079 1869 1207 1907 esse
1237 1847 1535 1908 vitiorum.
1611 1847 1782 1907 Plato
1815 1869 1946 1928 gra-

203 1927 447 1990 vissime
471 1929 637 2001 dicit,
688 1951 828 2010 eges
857 1929 1090 1990 virtutis
1118 1952 1296 1990 causa
1324 1929 1595 1990 ferendas
1617 1951 1764 1990 esse.
1847 1930 1950 1989 An

207 2021 410 2072 autem
451 2011 692 2072 traditio
732 2011 808 2071 de
850 2012 1136 2072 coelibatu
1178 2011 1416 2093 pietatis
1465 2034 1643 2072 causa
1685 2034 1951 2105 propug-

207 2103 384 2155 natur
411 2104 516 2154 aut
543 2093 661 2153 alio
682 2092 944 2174 quodam
974 2093 1242 2167 consili0,
1263 2115 1383 2153 non
1406 2093 1646 2154 difficile
1674 2106 1765 2154 est
1782 2094 1948 2175 Judi-

207 2194 362 2236 cam.
444 2175 774 2250 Postrem0,
801 2196 939 2236 cum
982 2175 1259 2236 Christus
1296 2177 1595 2258 praecipue
1637 2198 1949 2236 commen-

206 2256 435 2321 daverit
470 2258 586 2340 piis
623 2279 827 2319 curam
867 2258 1278 2319 ministrorum
1308 2257 1619 2351 evangelii,
1647 2280 1948 2339 rogamus,

207 2350 281 2401 ut
319 2339 588 2433 optimus
614 2340 951 2423 Imperator
986 2340 1274 2401 soevitiam
1316 2341 1650 2423 probibeat,
1677 2362 1815 2421 quae
1843 2339 1951 2402 diu

195 2419 330 2502 jam
371 2443 435 2482 m
479 2422 755 2483 homines
798 2423 927 2504 pios
971 2421 1305 2484 sacerdotes
1347 2434 1675 2496 exercetur,
1705 2445 1776 2483 ac
1803 2444 1947 2484 cum

205 2503 455 2566 ecclesia
481 2504 681 2587 potius
709 2504 1015 2578 deliberet,
1041 2526 1224 2586 quam
1254 2526 1393 2566 cum
1426 2504 1772 2565 adversariis
1810 2527 1949 2565 nos-

206 2585 333 2647 tris.
413 2585 663 2649 Debent
698 2587 761 2648 in
802 2588 1052 2649 ecclesia
1088 2587 1380 2648 excellere
1412 2587 1655 2648 dilectio
1681 2598 1744 2647 et
1775 2587 1951 2647 mise-

209 2666 478 2730 ricordia.
564 2670 767 2738 Quare
809 2671 1075 2731 maxime
1117 2670 1398 2731 abhorret
1436 2692 1576 2731 vera
1623 2670 1873 2730 ecclesia
1914 2692 1950 2730 a

210 2748 560 2812 crudelitate
600 2773 721 2812 non
764 2753 1111 2826 necessaria,
1140 2775 1252 2813 nec
1294 2753 1425 2814 vult
1466 2752 1719 2812 interfici
1761 2773 1951 2811 sacer-

210 2829 382 2892 dotes
417 2843 658 2915 propter
693 2835 1064 2916 tyrannicam
1095 2835 1494 2895 traditionem.
1566 2833 1734 2894 Parci
1765 2834 1946 2894 etiam

211 2913 345 2975 vult
372 2914 600 2975 miseris
631 2915 976 2978 mulieribus
1005 2940 1076 2978 ac
1105 2918 1305 2978 liberis
1334 2915 1728 2977 sacerdotum.
1816 2915 1951 2976 Ho-

210 3015 345 3056 rum
370 2996 642 3059 omnium
670 2998 858 3060 vitam
886 3022 957 3060 ac
985 3000 1235 3061 salutem
1257 2999 1529 3061 Ecclesia
1550 2998 1660 3058 tibi
1683 2997 1949 3059 clemen-

212 3076 441 3139 tissime
470 3079 1236 3161 ImperatorXcommendat.
1322 3083 1553 3143 Omnes
1596 3080 1679 3162 pii
1725 3080 1950 3160 ubique

212 3170 500 3221 terrarum
543 3161 881 3224 afficiuntur
924 3165 1137 3224 horum
1181 3164 1640 3236 calamitatibus,
1682 3173 1743 3222 et
1784 3162 1949 3225 taciti

211 3240 551 3304 desiderant
594 3243 998 3306 Christianam
1043 3246 1349 3307 lenitatem
1404 3246 1464 3305 in
1518 3245 1633 3304 hoc
1690 3244 1951 3326 negotio,

210 3323 444 3405 tibique
465 3326 888 3387 communibus
911 3327 1235 3409 lachrymis
1257 3327 1465 3387 doctos
1488 3339 1549 3386 et
1568 3327 1753 3387 bonos
1775 3326 1951 3403 viros,

210 3405 478 3468 eeclesiae
508 3410 703 3483 utiles,
729 3421 792 3469 et
836 3410 1051 3470 borum
1094 3410 1379 3490 conjuges
1421 3430 1491 3469 88
1534 3408 1751 3469 liberos
1787 3431 1952 3471 com-

212 3488 519 3566 mendant,
562 3513 743 3572 quem
802 3491 1009 3553 vident
1062 3502 1126 3552 et
1181 3503 1391 3552 natura
1444 3490 1764 3574 praeditum
1820 3513 1950 3554 esse

213 3570 435 3637 eximia
473 3573 732 3656 quadam
766 3585 830 3636 et
865 3573 1103 3636 heroica
1138 3573 1424 3648 bonitate,
1449 3584 1512 3636 et
1539 3572 1602 3636 in
1633 3573 1747 3636 hac
1763 3595 1951 3638 causa

1012 3674 1048 3717 P
1077 3668 1116 3717 4

1622 3772 1657 3786 l
