2418 4172
0 801 16 1006 ἓ

561 689 937 740 szchnuM
971 688 1348 738 nocrmNAE
1381 689 1614 746 CAPUT,

1049 822 1125 887 132

672 986 1024 1056 MORTE
1073 986 1494 1067 CHRISTI,

1050 1196 1124 1231 ET

361 1358 754 1413 HOMINUM
797 1356 951 1410 PER
988 1356 1157 1408 EAM
1199 1355 1805 1412 REDEMPTIONE.

774 1527 1380 1572 4—-

772 1685 1094 1747 Articulus
1122 1685 1398 1747 Primus.

213 1795 476 1881 DEUS
529 1836 652 1875 non
699 1824 937 1875 tantum
994 1824 1087 1873 est
1142 1834 1380 1873 summe
1437 1812 1790 1883 misericors,
1846 1813 1950 1873 sed

212 1896 396 1965 etiam
435 1919 673 1958 summe
700 1897 919 1975 justus.
1004 1896 1275 1955 Postulat
1317 1905 1518 1955 autem
1562 1895 1690 1974 ejus
1716 1894 1954 1974 justitia

216 1980 422 2061 (prout
458 2000 521 2039 se
561 1978 622 2038 in
650 1979 831 2038 verbo
868 1977 1175 2055 revelavit)
1208 1987 1276 2036 ut
1317 1989 1562 2058 peccata
1606 1987 1822 2051 nostra,
1852 1977 1952 2037 ad-

214 2081 417 2121 versus
474 2059 770 2120 infinitam
826 2059 953 2139 ejus
1009 2058 1382 2138 majestatem
1442 2058 1782 2131 commissa,
1830 2081 1953 2119 non

214 2154 450 2204 tantum
480 2141 932 2236 temporalibus,
962 2142 1064 2201 sed
1094 2141 1275 2201 etiam
1304 2139 1558 2214 aeternis,
1586 2151 1715 2200 tum
1749 2141 1954 2214 animi,

216 2235 347 2286 tum
394 2246 676 2308 eorporis,
717 2224 915 2307 poenis
960 2224 1320 2306 puniantur:
1363 2244 1511 2302 quas
1552 2243 1764 2314 poenas
1807 2223 1952 2283 effu-

216 2330 355 2390 gere
380 2330 502 2369 non
531 2328 871 2391 possumus,
897 2306 1011 2367 nisi
1030 2305 1282 2448 jliistitiae
1310 2305 1431 2365 Dei
1462 2306 1728 2365 satisfiat.

299 2469 460 2530 Cum
488 2492 628 2532 vero
658 2469 771 2563 ipsi
808 2469 1162 2544 satisfacere,
1189 2481 1249 2531 et
1279 2470 1355 2530 ab
1385 2469 1470 2528 ira
1497 2467 1616 2528 Dei
1654 2489 1761 2527 nos
1804 2467 1951 2527 libe-

216 2572 343 2614 rare
384 2574 503 2614 non
546 2574 868 2636 possimus,
897 2551 1067 2612 Deus
1106 2573 1183 2612 ex
1212 2550 1508 2611 immensa
1545 2549 1950 2610 misericordia

216 2633 440 2696 Filium
487 2658 663 2696 suum
713 2634 1093 2716 unigenitum
1135 2634 1310 2695 nobis
1353 2633 1715 2715 Sponsorem
1765 2631 1949 2704 dedit,

217 2717 344 2859 gui,
383 2727 454 2776 ut
500 2740 609 2801 pro
657 2717 831 2777 nobis
881 2717 1260 2790 satisfaceret,
1302 2726 1617 2798 peccatum
1661 2724 1723 2773 et
1769 2715 1950 2774 male·

260 2798 404 2860 ictio
432 2799 496 2859 in
524 2821 700 2860 cruee
728 2821 837 2882 pro
864 2799 1059 2871 nobis,
1088 2822 1192 2859 seu
1214 2800 1344 2858 vice
1373 2809 1591 2871 nostra,
1618 2797 1809 2856 factus
1838 2807 1945 2856 est.

304 2962 463 3024 Haec
507 2985 669 3024 mors
710 2962 849 3024 Filii
887 2962 1006 3024 Dei
1051 2974 1143 3024 est
1191 2962 1370 3023 unica
1417 2971 1479 3020 et
1523 2959 1950 3042 perfectissima

219 3068 329 3127 pro
366 3047 622 3139 peccatis
650 3045 897 3106 victima
933 3056 996 3106 et
1029 3044 1371 3117 satisfactiO,
1401 3042 1619 3103 infiniti
1648 3042 1861 3102 valoris
1888 3052 1949 3103 et

220 3131 414 3209 pretii,
457 3127 693 3189 abunde
739 3127 1040 3189 sufficiens
1097 3128 1170 3189 ad
1216 3127 1400 3188 totius
1450 3124 1659 3185 mundi
1706 3134 1950 3207 peccata

218 3209 537 3293 expianda.

1036 3292 1146 3352 lv.

304 3373 452 3434 Ideo
489 3385 689 3434 autem
733 3373 861 3435 haec
904 3395 1061 3434 mors
1104 3372 1254 3433 tanti
1293 3384 1385 3433 est
1411 3370 1624 3432 valoris
1660 3381 1722 3431 et
1759 3370 1951 3452 pretii,

164 3459 173 3468 “
220 3457 364 3537 quia
389 3478 662 3539 persona,
690 3477 824 3536 quae
852 3478 985 3517 eam
1017 3455 1219 3529 subiit,
1247 3476 1368 3515 non
1395 3465 1631 3515 tantum
1663 3464 1754 3513 est
1780 3474 1951 3514 verus

221 3550 293 3632 et
310 3538 572 3633 perfecte
601 3550 838 3600 sanctus
870 3540 1075 3614 homo,
1099 3536 1202 3599 sed
1231 3538 1412 3598 etiam
1452 3536 1793 3619 unigenitus
1819 3535 1949 3597 Dm

224 3619 434 3697 Fuluus,
478 3621 744 3702 ejusdem
793 3632 1028 3684 aeternae
1076 3632 1140 3682 et
1188 3619 1436 3682 infinitae
1485 3641 1632 3715 cuni
1674 3619 1847 3680 Patre
1890 3628 1951 3680 et
2006 3648 2014 3652 -

1010 3725 1047 3764 ε
1077 3726 1110 3765 e
1137 3713 1174 3764 3
1639 3732 1674 3746 Ι
