2418 4172
0 238 44 265 ,35-

3 279 32 306 (ε.

16 442 30 454 [Ω

0 532 53 907 Ξ,

661 339 1217 393 AUGUSTANA
1272 338 1530 391 MDXL.
1866 339 1971 392 213

231 490 302 543 nt
325 479 440 542 alia
461 479 919 542 innumerabilia
940 481 1218 564 exempla
1241 479 1612 551 omittamus,
1634 500 1779 559 gens
1806 479 1968 540 Ben-

216 560 413 644 jmin
457 562 577 623 fere
620 575 745 624 tota
787 563 980 624 deleta
1022 574 1131 636 est,
1169 573 1412 644 propter
1453 571 1780 642 stupratam
1830 560 1967 620 hos-

271 642 367 704 'tis
401 645 720 707 sacerdotis
749 645 1088 726 conjugem.
1171 643 1328 704 Cum
1362 643 1522 702 enim
1554 641 1803 702 cadaver
1832 663 1966 702 mu-

222 662 502 800 li'erculoe,
527 748 662 807 quae
691 739 903 787 vexata
933 724 1153 807 stupris
1182 724 1447 784 extincta
1474 735 1617 794 erat,
1640 723 1961 784 dissectum

224 807 475 869 missum
518 819 673 868 esset
717 807 790 868 ad
833 808 1133 889 principes
1180 805 1380 875 Israel,
1398 803 1697 885 judicavit
1733 806 1965 866 univer-

221 910 323 951 sus
449 890 626 972 pulus
671 900 900 950 tantam
953 888 1389 949 immanitatem
1445 887 1814 948 severissime
1857 909 1968 970 pu..

221 971 360 1034 nien
405 993 501 1033 am
546 993 712 1037 essez
755 993 1017 1052 cumque
1060 993 1180 1030 non
1226 969 1582 1030 dederentur
1611 969 1682 1030 ad
1715 992 1960 1052 poenam

220 1064 458 1116 autores
499 1055 796 1128 facinoris,
824 1066 950 1115 tota
992 1075 1138 1135 gens
1176 1052 1499 1133 Benjamin
1541 1074 1759 1134 magna
1798 1052 1966 1113 clade

220 1136 486 1220 accepta,
528 1158 739 1219 poenas
782 1136 965 1197 dedit.
1049 1137 1134 1196 At
1178 1136 1293 1195 hoc
1336 1148 1607 1216 tempore
1644 1135 1961 1217 multiplici

222 1217 438 1299 injuria
493 1219 831 1279 afficiuntur
886 1218 1257 1278 sacerdotes:
1324 1217 1459 1299 ipsi,
1515 1239 1652 1277 cum
1715 1217 1957 1298 quidem

220 1300 456 1361 nullum
487 1301 572 1361 eis
602 1301 825 1361 crimen
855 1300 1188 1379 objiciatur,
1217 1299 1329 1359 nisi
1360 1297 1730 1381 conjugium,
1752 1322 1961 1361 excru-

220 1382 360 1444 ciati
405 1382 784 1443 horribilibus
827 1382 1133 1476 suppliciis
1175 1392 1497 1451 necantur;
1550 1382 1777 1442 miserae
1820 1404 1963 1443 con-

210 1463 392 1546 juges
432 1476 494 1526 et
536 1465 698 1547 parvi
740 1465 907 1525 liberi
937 1464 1108 1544 ejecti
1140 1464 1260 1524 suis
1291 1463 1511 1524 nidulis
1540 1477 1830 1546 vagantur
1857 1486 1962 1524 ex-

219 1556 424 1621 torres,
451 1546 580 1607 sine
606 1558 766 1607 certa
795 1546 952 1620 sede,
981 1547 1108 1606 sine
1142 1556 1320 1617 tecte,
1351 1546 1478 1605 sine
1513 1546 1651 1606 lare.
1738 1546 1959 1606 Paulus

218 1639 393 1688 vocat
439 1627 904 1710 prohibitionem
950 1626 1233 1708 conjugii,
1276 1628 1611 1687 doctrinam
1654 1628 1963 1687 doemom'o-

218 1729 375 1770 rm.
459 1708 532 1769 Id
560 1721 854 1770 testantur
880 1731 998 1768 non
1030 1709 1223 1768 solum
1254 1708 1598 1789 turpissima
1627 1709 1789 1778 vitia,
1821 1730 1957 1789 quoe

216 1790 533 1853 coelibatus
573 1791 801 1851 invexit
835 1791 895 1851 in
935 1790 1268 1863 ecclesiam,
1297 1789 1400 1849 sed
1439 1789 1620 1850 etiam
1664 1790 1793 1850 haec
1829 1792 1959 1873 ipsa

217 1874 518 1956 asperitas,
546 1895 683 1954 quae
723 1884 966 1956 propter
1006 1872 1162 1933 hanc
1202 1874 1394 1954 legem
1438 1884 1750 1933 exercetur
1777 1874 1839 1933 in
1870 1896 1960 1934 sa-

217 1955 504 2028 cerdotes,
531 1967 592 2015 et
619 1978 823 2016 eorum
855 1955 1139 2036 conjuges
1182 1977 1253 2014 ac
1292 1955 1524 2014 liberos.
1610 1955 1778 2016 Nam
1809 1955 1961 2016 Dia-

219 2037 394 2098 bolus
436 2036 738 2098 homicida
779 2048 887 2110 est,
929 2048 990 2096 et
1035 2037 1268 2118 piorum
1323 2037 1765 2098 calamitatibus
1809 2061 1960 2120 prae-

257 2118 271 2131 ’
358 2141 395 2179 e
425 2118 770 2180 delectatur.
857 2118 974 2179 Sed
1005 2118 1149 2178 olim
1181 2118 1319 2178 Deo
1350 2141 1562 2201 poenas
1591 2119 1784 2179 daturi
1817 2132 1959 2182 sunt

218 2140 427 2263 mm
485 2202 869 2263 consiliorum
927 2213 1178 2261 autores.
1264 2200 1397 2261 Nos
1444 2201 1599 2262 hanc
1643 2202 1956 2276 saevitiam,

218 2304 414 2365 neque
459 2283 702 2367 dignam
761 2283 1139 2357 Christianis,
1181 2305 1377 2365 neque
1435 2284 1643 2345 utilem
1693 2285 1958 2347 ecclesiae

216 2386 346 2426 esse
362 2365 790 2446 judicavimus.
1938 2397 1944 2407 ·

298 2448 479 2518 Quod
507 2471 648 2511 vero
674 2450 955 2531 objicitur
981 2451 1264 2512 autoritas
1293 2451 1439 2533 legis
1476 2451 1821 2534 pontificiae,
1850 2473 1958 2512 cur

215 2550 336 2591 non
379 2531 638 2614 allegant
677 2533 1052 2595 autoritatem
1098 2555 1398 2594 canonum
1440 2533 1719 2594 adversus
1757 2533 1955 2616 turpia

215 2613 491 2695 exempla
517 2615 599 2675 im
648 2616 736 2676 uri
767 2616 1103 2690 coelibatus,
1130 2625 1192 2677 et
1229 2617 1450 2677 scelera
1478 2616 1659 2698 digna
1689 2616 1957 2676 animad-

215 2693 526 2756 versione?
636 2697 757 2758 ulla
799 2698 979 2759 debet
1020 2721 1148 2759 esse
1192 2699 1473 2760 autoritas
1516 2699 1809 2782 pontificii
1848 2698 1954 2758 de.-

217 2774 361 2836 crsti
399 2779 718 2858 pugnantis
759 2801 897 2840 cum
933 2780 1071 2861 jure
1114 2793 1357 2855 naturae,
1385 2786 1447 2841 et
1488 2803 1626 2842 cum
1672 2779 1954 2841 mandato

216 2854 438 2918 divino.
519 2858 753 2921 Natura
799 2861 1074 2923 homines
1124 2864 1207 2924 ita
1257 2863 1481 2923 conditi
1529 2876 1686 2932 sunt,
1725 2875 1793 2922 ut
1834 2862 1954 2923 sint

216 2936 504 3013 foecundi‚
538 2962 719 3022 quare.
748 2942 1157 3023 jurisconsulti
1196 2945 1423 3020 dicunt,
1461 2945 1949 3025 conjunctionem

220 3021 397 3080 maris
425 3034 486 3082 et
510 3022 934 3107 foeminaeesse
951 3027 1103 3107 juris
1125 3039 1379 3089 naturae:
1424 3028 1605 3107 idque
1626 3027 1802 3087 docet
1827 3027 1950 3087 Ge-

217 3101 394 3176 nesis,
420 3102 617 3198 capite
701 3107 853 3168 rimo
888 3120 950 3169 et
986 3110 1266 3170 secundo.
1352 3109 1594 3171 Deinde
1624 3130 1764 3169 cum
1796 3109 1951 3171 Pau-

217 3183 308 3244 lus
350 3184 563 3267 inquit,
669 3190 1032 3274 moequisque
1072 3192 1290 3253 habeat
1331 3214 1592 3264 uxorem,
1635 3191 1719 3251 ad
1753 3192 1950 3253 vitm·-

214 3265 355 3327 dam
358 3265 860 3350 fornicationem,
886 3284 1051 3333 certe
1073 3274 1344 3356 praecipit
1370 3274 1673 3347 omnibus,
1692 3273 1797 3353 qui
1826 3295 1946 3335 non

214 3360 355 3409 sunt
396 3349 590 3411 idonei
636 3351 709 3412 ad
754 3353 1123 3427 coelibatum,
1152 3366 1219 3415 ut
1255 3356 1611 3416 contrahant
1648 3354 1782 3415 con'
1829 3357 1946 3440 gia.

211 3428 297 3491 Et
323 3430 599 3493 Christus
630 3447 834 3495 monet
863 3457 982 3495 non
1012 3457 1224 3496 omnes
1261 3436 1504 3498 idoneos
1542 3459 1677 3498 esse
1818 3461 1946 3500 coe-

211 3509 486 3588 lib-tum,
514 3537 654 3576 cum
687 3516 788 3590 ait,
817 3516 960 3578 Non
987 3539 1189 3579 omnes
1216 3520 1463 3600 capiunt
1486 3520 1735 3582 verbum
1762 3513 1887 3583 hoc.

198 3589 495 3688 4³⁸Porro,
524 3620 634 3660 nec
677 3599 835 3682 leges
879 3599 1175 3675 humanae,
1217 3623 1329 3665 nec
1370 3613 1508 3665 vota
1550 3602 1751 3665 valent
1789 3626 1942 3689 pug-

1071 3703 1106 3742 P
1130 3694 1167 3743 3
1995 3691 2002 3696 ”

1629 3771 1663 3785 s
