2418 4172
521 349 628 406 246
1159 351 1644 407 CONFESSIO

524 503 584 557 et
618 516 733 578 per
747 502 1068 577 peccatum
1099 515 1300 556 mors.-
1345 506 1407 555 et
1448 494 1611 578 pr.
1643 493 1703 555 ii.
1735 492 2008 559 Eume
2043 502 2276 557 nam

500 576 646 661 filii
670 579 796 653 iroe,
822 579 979 639 sicut
1009 587 1067 639 et
1096 578 1315 639 center-i.

605 661 743 723 Nec
784 662 957 722 nobis
1006 661 1287 745 displicet
1330 659 1604 721 definitio
1647 660 1884 735 usitata,
1922 659 2131 722 dextre
2171 660 2269 722 in·

524 745 798 806 tellecta:
847 746 1166 806 Peccatum
1199 743 1445 825 originis
1474 755 1564 804 est
1592 743 1853 804 carentia
1870 742 2126 824 justitie
2156 743 2275 805 ori-

523 827 756 909 ginalis,
798 827 1016 889 debitae
1064 828 1296 889 inesse:
1341 827 1484 909 quia
1521 827 1759 907 justitia
1800 826 2105 909 originalis
2147 847 2272 887 non

523 922 762 972 tantum
794 910 909 972 fuit
937 911 1268 994 acceptatio
1310 910 1543 993 generis
1588 910 1836 971 humani
1877 931 2077 971 eoram
2114 908 2273 983 Deo,

525 993 628 1054 sed
667 994 848 1054 etiam
898 994 958 1053 in
1005 994 1134 1076 ipsa
1177 1005 1388 1054 natura
1433 993 1749 1053 hominum
1795 994 1898 1054 lux
1943 993 2007 1054 in
2049 1004 2273 1066 mente,

525 1097 645 1158 qua
696 1075 947 1135 firmiter
993 1075 1273 1136 adsentiri
1313 1076 1495 1135 verbo
1543 1075 1662 1136 Dei
1701 1087 1976 1170 poterat:
2019 1086 2083 1139 et
2125 1097 2273 1137 oon-

523 1158 718 1219 versio
740 1158 1062 1218 voluntatis
1092 1158 1167 1218 ad
1195 1157 1423 1230 Deum,
1450 1170 1514 1218 et
1539 1157 1883 1220 obedientia
1909 1158 2103 1221 cordis
2129 1180 2275 1221 eon-

525 1263 744 1323 gruens
772 1263 916 1301 cum
934 1239 1170 1320 judicio
1197 1240 1346 1321 legis
1375 1239 1515 1315 Dei,
1534 1262 1671 1321 quoe
1700 1245 1889 1302 menti
1919 1242 2102 1304 insita
2126 1252 2270 1303 erat.

525 1325 617 1384 Ac
663 1322 875 1383 fuisset
924 1323 1111 1384 homo
1157 1322 1457 1405 templum
1507 1322 1649 1397 Dei,
1698 1335 1766 1384 ut
1815 1334 1995 1385 antea
2037 1323 2270 1388 dictum

523 1418 632 1467 est.

608 1489 762 1550 Haec
812 1488 1014 1550 omnia
1064 1489 1448 1583 complexam
1493 1511 1624 1550 esse
1659 1488 1962 1570 justitiam
2006 1489 2273 1573 originis,

522 1584 720 1655 potest
749 1594 824 1632 ex
857 1573 973 1633 hoc
1002 1571 1165 1632 dicto
1203 1573 1493 1655 intelligi:
1542 1572 1745 1633 Homo
1774 1571 2051 1634 conditus
2077 1580 2168 1635 est
2190 1573 2277 1635 ad

522 1657 645 1716 ima
703 1658 852 1716 'nem
882 1663 941 1716 et
975 1655 1435 1717 similitudinem
1465 1656 1614 1730 Dei,
1641 1654 1804 1736 quod
1848 1656 2274 1739 interpretatur

521 1678 743 1799 Paufiis
795 1737 1092 1819 inquiens,
1124 1739 1370 1799 Induite
1415 1761 1631 1800 novum
1675 1738 1993 1812 hominem,
2029 1739 2139 1822 qm'
2174 1760 2271 1800 se-

522 1822 781 1883 cundum
813 1820 1019 1882 Deum
1050 1830 1292 1906 creatus
1329 1830 1417 1883 est
1460 1822 1524 1882 in
1545 1822 1807 1903 justitia
1844 1830 1905 1883 et
1941 1822 2271 1885 sanctitate

519 1926 684 1966 vera.
741 1904 863 1965 Ubi
895 1919 1056 1966 certe
1086 1905 1369 1987 intelligit
1397 1905 1774 1965 sanctitatem
1806 1926 2029 1977 veram,
2057 1927 2270 1967 omnes

522 1988 771 2048 virtutes
820 1987 1118 2068 fulgentes
1165 1988 1225 2047 in
1278 2000 1492 2047 natura
1540 1998 1743 2047 nostra
1790 1986 2099 2062 divinitus,
2145 2010 2266 2050 non

521 2082 645 2131 arte
696 2070 970 2140 adscitas,
1020 2082 1124 2130 aut
1171 2069 1490 2152 disciplina
1538 2080 1944 2153 comparatasz
1986 2081 2056 2132 ut
2103 2091 2271 2133 nune

521 2155 751 2214 umbrae
791 2152 1080 2213 virtutum
1130 2153 1583 2234 qualescunque
1626 2164 1767 2215 sunt
1811 2153 1872 2214 in
1920 2153 2269 2215 hominibus

520 2237 737 2298 ascitae.
791 2236 986 2296 .Cum
1047 2248 1248 2297 autem
1309 2235 1719 2297 consideratur
1772 2235 1920 2318 quid
1968 2237 2271 2321 significet

506 2319 746 2399 justitia
787 2319 1110 2402 originalis,
1150 2319 1368 2380 deinde
1412 2319 1612 2380 minus
1654 2321 1907 2381 obscura
1947 2331 2041 2382 est
2079 2342 2271 2405 oppo-

520 2404 631 2463 sita
661 2402 930 2485 privatio.

602 2485 714 2545 Est
760 2485 960 2565 itaque
998 2497 1312 2567 peccatum
1354 2485 1619 2567 originis,
1648 2497 1710 2545 et
1747 2496 1991 2568 propter
2025 2485 2264 2570 lapsum

519 2568 850 2650 primorum
883 2580 1220 2649 parentum,
1238 2580 1299 2628 et
1326 2581 1571 2651 propter
1594 2568 1748 2628 hanc
1777 2567 2263 2652 depravationem

518 2673 652 2732 quae
684 2651 917 2732 lapsum
949 2662 1152 2713 secuta
1181 2662 1292 2724 est,
1324 2664 1634 2712 nascentes
1673 2673 1803 2711 reos
1839 2674 1968 2712 esse
1996 2651 2097 2713 irae
2128 2650 2269 2728 Dei,

517 2747 578 2794 et
606 2733 820 2815 dignos
848 2743 1068 2794 aeterna
1097 2732 1500 2809 damnatione,
1519 2734 1631 2794 nisi
1656 2735 1762 2794 fiat
1789 2733 2061 2795 remissio
2089 2756 2268 2819 prop-

517 2829 606 2878 ter
636 2815 1059 2877 Mediatorem.
1132 2815 1215 2877 Et
1248 2817 1375 2879 haec
1404 2816 1748 2900 depravatio
1775 2830 1887 2891 est,
1913 2838 2114 2881 carere
2130 2817 2261 2901 jam

516 2900 649 2961 luce
676 2899 817 2975 Dei,
845 2921 979 2981 quae
1022 2898 1083 2960 in
1129 2899 1303 2960 nobis
1347 2899 1639 2961 fulsissetz
1683 2912 1746 2961 et
1782 2914 1873 2963 est
1907 2904 2136 2963 aversio
2161 2922 2270 2963 vo·-

517 2982 763 3044 luntatis
808 2994 1025 3044 nostroe
1065 3005 1100 3044 a
1137 2983 1294 3056 Deo,
1322 2995 1383 3044 ct
1416 2984 1798 3046 contumacia
1825 2984 2019 3046 cordis
2047 3005 2266 3068 repug-
2372 3014 2375 3015 ⁷

518 3089 666 3127 nans
712 3066 828 3148 legi
875 3065 1114 3141 mentis,
1149 3079 1215 3127 ut
1247 3067 1464 3128 Paulus
1509 3067 1804 3148 loquitur:
1848 3079 1911 3130 et
1952 3067 2263 3130 hominem

516 3172 636 3210 non
680 3171 810 3210 esse
852 3149 1148 3234 templum
1181 3149 1321 3225 Dei,
1356 3150 1459 3212 sed
1505 3151 1782 3212 miseram
1828 3172 2109 3226 massam,
2136 3150 2264 3213 sine

521 3233 676 3307 Deo,
704 3243 766 3294 et
795 3232 923 3294 sine
940 3231 1197 3312 justitia.
1896 3307 1899 3309 ‚

601 3317 737 3378 Hos
766 3315 1056 3391 defectus,
1086 3328 1148 3379 et
1181 3316 1335 3378 banc
1364 3327 1553 3378 totam
1585 3316 2092 3401 depravationem,
2113 3312 2263 3376 dici·

519 3422 652 3461 mus
680 3421 810 3460 esse
881 3411 1175 3475 eccatum,
1205 3422 1326 3462 non
1367 3412 1601 3463 tantum
1645 3420 1892 3485 poenam
1922 3396 2171 3482 poce-ti,
2198 3410 2263 3460 et

516 3504 642 3542 rem
694 3422 1157 3545 indifferentem:
1202 3484 1358 3545 sicut
1401 3483 1575 3545 multi
1624 3478 1989 3545 sententiarii
2030 3477 2261 3555 dieunt,

518 3563 651 3624 liaec
692 3566 850 3626 mala
895 3578 1129 3628 tantum
1176 3589 1422 3649 poenam
1466 3587 1615 3641 esse,
1650 3576 1712 3626 et
1755 3583 1879 3624 mm
1924 3560 2262 3627 indifferen-

514 3657 658 3718 tem,
701 3656 761 3706 et
804 3669 922 3707 non
967 3660 1318 3730 peccatum:
1361 3660 1423 3708 et
1459 3655 1788 3708 extenuant
1820 3644 2046 3708 malum
2076 3644 2260 3731 origi·

2406 1574 2418 1888 ἒ
