<?xml version="1.0" encoding="UTF-8"?>
<!DOCTYPE html PUBLIC "-//W3C//DTD XHTML 1.0 Transitional//EN"
    "http://www.w3.org/TR/xhtml1/DTD/xhtml1-transitional.dtd">
<html xmlns="http://www.w3.org/1999/xhtml" xml:lang="en" lang="en">
 <head>
  <title>
</title>
<meta http-equiv="Content-Type" content="text/html;charset=utf-8" />
  <meta name='ocr-system' content='tesseract 3.04.00' />
  <meta name='ocr-capabilities' content='ocr_page ocr_carea ocr_par ocr_line ocrx_word'/>
</head>
<body>
  <div class='ocr_page' id='page_1' title='image "./syllogeconfessio00oxfouoft_0444.png"; bbox 0 0 2418 4172; ppageno 0'>
   <div class='ocr_carea' id='block_1_1' title="bbox 501 372 1807 437">
    <p class='ocr_par' dir='ltr' id='par_1_1' title="bbox 501 372 1807 437">
     <span class='ocr_line' id='line_1_1' title="bbox 501 372 1807 437; baseline -0.002 -9"><span class='ocrx_word' id='word_1_1' title='bbox 501 377 607 428; x_wconf 75' lang='lat'>422</span> <span class='ocrx_word' id='word_1_2' title='bbox 935 374 1012 425; x_wconf 93' lang='lat'>11.</span> <span class='ocrx_word' id='word_1_3' title='bbox 1057 372 1343 426; x_wconf 81' lang='lat' dir='ltr'>Doc&#39;rm</span> <span class='ocrx_word' id='word_1_4' title='bbox 1356 373 1478 425; x_wconf 79' lang='lat' dir='ltr'>NAE:</span> <span class='ocrx_word' id='word_1_5' title='bbox 1521 374 1807 437; x_wconf 80' lang='lat' dir='ltr'><strong>CAPUT,</strong></span> 
     </span>
    </p>
   </div>
   <div class='ocr_carea' id='block_1_2' title="bbox 494 514 2241 1557">
    <p class='ocr_par' dir='ltr' id='par_1_2' title="bbox 494 514 2239 901">
     <span class='ocr_line' id='line_1_2' title="bbox 500 514 2235 598; baseline -0.002 -22"><span class='ocrx_word' id='word_1_6' title='bbox 500 516 726 598; x_wconf 83' lang='lat' dir='ltr'>Spiritu</span> <span class='ocrx_word' id='word_1_7' title='bbox 778 516 837 575; x_wconf 86' lang='lat' dir='ltr'>S.</span> <span class='ocrx_word' id='word_1_8' title='bbox 896 514 1183 585; x_wconf 63' lang='lat' dir='ltr'>essentiae,</span> <span class='ocrx_word' id='word_1_9' title='bbox 1239 515 1477 593; x_wconf 89' lang='lat' dir='ltr'>qualem</span> <span class='ocrx_word' id='word_1_10' title='bbox 1537 526 1805 574; x_wconf 83' lang='lat' dir='ltr'>nostrum</span> <span class='ocrx_word' id='word_1_11' title='bbox 1865 515 2235 574; x_wconf 82' lang='lat' dir='ltr'>Servatorem</span> 
     </span>
     <span class='ocr_line' id='line_1_3' title="bbox 502 594 2239 687; baseline -0.002 -30"><span class='ocrx_word' id='word_1_12' title='bbox 502 620 629 657; x_wconf 84' lang='lat' dir='ltr'>esse</span> <span class='ocrx_word' id='word_1_13' title='bbox 657 600 986 679; x_wconf 77' lang='lat' dir='ltr'>oportebat.</span> <span class='ocrx_word' id='word_1_14' title='bbox 1070 594 1327 668; x_wconf 84' lang='lat' dir='ltr'>Deinde,</span> <span class='ocrx_word' id='word_1_15' title='bbox 1357 596 1497 675; x_wconf 92' lang='lat' dir='ltr'>quia</span> <span class='ocrx_word' id='word_1_16' title='bbox 1540 617 1698 655; x_wconf 87' lang='lat' dir='ltr'>mors</span> <span class='ocrx_word' id='word_1_17' title='bbox 1734 595 1920 687; x_wconf 75' lang='lat' dir='ltr'>ipsius</span> <span class='ocrx_word' id='word_1_18' title='bbox 1955 595 2071 654; x_wconf 83' lang='lat' dir='ltr'>fuit</span> <span class='ocrx_word' id='word_1_19' title='bbox 2096 616 2239 655; x_wconf 86' lang='lat' dir='ltr'>con-</span> 
     </span>
     <span class='ocr_line' id='line_1_4' title="bbox 494 676 2235 759; baseline -0.003 -18"><span class='ocrx_word' id='word_1_20' title='bbox 494 679 709 759; x_wconf 88' lang='lat' dir='ltr'>juncta</span> <span class='ocrx_word' id='word_1_21' title='bbox 746 702 884 740; x_wconf 91' lang='lat' dir='ltr'>cum</span> <span class='ocrx_word' id='word_1_22' title='bbox 928 700 1103 738; x_wconf 87' lang='lat' dir='ltr'>sensu</span> <span class='ocrx_word' id='word_1_23' title='bbox 1148 677 1245 738; x_wconf 81' lang='lat' dir='ltr'>irae</span> <span class='ocrx_word' id='word_1_24' title='bbox 1291 677 1410 750; x_wconf 88' lang='lat' dir='ltr'>Dei</span> <span class='ocrx_word' id='word_1_25' title='bbox 1454 689 1515 737; x_wconf 91' lang='lat' dir='ltr'>et</span> <span class='ocrx_word' id='word_1_26' title='bbox 1558 676 2014 748; x_wconf 85' lang='lat' dir='ltr'>maledictionis,</span> <span class='ocrx_word' id='word_1_27' title='bbox 2054 696 2235 758; x_wconf 88' lang='lat' dir='ltr'>quam</span> 
     </span>
     <span class='ocr_line' id='line_1_5' title="bbox 504 759 1792 901; baseline -0.002 -80"><span class='ocrx_word' id='word_1_28' title='bbox 504 784 611 822; x_wconf 84' lang='lat' dir='ltr'>nos</span> <span class='ocrx_word' id='word_1_29' title='bbox 642 762 899 844; x_wconf 87' lang='lat' dir='ltr'>peccatis</span> <span class='ocrx_word' id='word_1_30' title='bbox 928 760 1143 821; x_wconf 87' lang='lat' dir='ltr'>nostris</span> <span class='ocrx_word' id='word_1_31' title='bbox 1172 781 1408 901; x_wconf 48' lang='lat' dir='ltr'>cramuls</span> <span class='ocrx_word' id='word_1_32' title='bbox 1435 759 1792 820; x_wconf 86' lang='lat' dir='ltr'>commeriti.</span> 
     </span>
    </p>

    <p class='ocr_par' dir='ltr' id='par_1_3' title="bbox 502 920 2241 1557">
     <span class='ocr_line' id='line_1_6' title="bbox 587 920 2239 1016; baseline -0.002 -32"><span class='ocrx_word' id='word_1_33' title='bbox 587 924 884 985; x_wconf 83' lang='lat' dir='ltr'>Caetcrum</span> <span class='ocrx_word' id='word_1_34' title='bbox 947 923 1260 1016; x_wconf 77' lang='lat' dir='ltr'>promissio</span> <span class='ocrx_word' id='word_1_35' title='bbox 1318 923 1627 1006; x_wconf 83' lang='lat' dir='ltr'>Evangelii</span> <span class='ocrx_word' id='word_1_36' title='bbox 1686 934 1795 992; x_wconf 87' lang='lat' dir='ltr'>est,</span> <span class='ocrx_word' id='word_1_37' title='bbox 1846 934 1913 982; x_wconf 92' lang='lat' dir='ltr'>ut</span> <span class='ocrx_word' id='word_1_38' title='bbox 1969 920 2239 1003; x_wconf 80' lang='lat' dir='ltr'>quisquis</span> 
     </span>
     <span class='ocr_line' id='line_1_7' title="bbox 505 1003 2240 1087; baseline -0.002 -20"><span class='ocrx_word' id='word_1_39' title='bbox 505 1006 692 1067; x_wconf 90' lang='lat' dir='ltr'>credit</span> <span class='ocrx_word' id='word_1_40' title='bbox 729 1007 788 1066; x_wconf 90' lang='lat' dir='ltr'>in</span> <span class='ocrx_word' id='word_1_41' title='bbox 820 1007 1130 1066; x_wconf 78' lang='lat' dir='ltr'>Christum</span> <span class='ocrx_word' id='word_1_42' title='bbox 1175 1006 1551 1078; x_wconf 79' lang='lat' dir='ltr'>crucifixum,</span> <span class='ocrx_word' id='word_1_43' title='bbox 1582 1028 1704 1066; x_wconf 86' lang='lat' dir='ltr'>non</span> <span class='ocrx_word' id='word_1_44' title='bbox 1744 1015 1963 1087; x_wconf 87' lang='lat' dir='ltr'>pereat,</span> <span class='ocrx_word' id='word_1_45' title='bbox 1991 1003 2093 1064; x_wconf 85' lang='lat' dir='ltr'>sed</span> <span class='ocrx_word' id='word_1_46' title='bbox 2134 1004 2240 1064; x_wconf 86' lang='lat' dir='ltr'>ha·</span> 
     </span>
     <span class='ocr_line' id='line_1_8' title="bbox 506 1086 2241 1168; baseline -0.002 -19"><span class='ocrx_word' id='word_1_47' title='bbox 506 1089 643 1149; x_wconf 90' lang='lat' dir='ltr'>beat</span> <span class='ocrx_word' id='word_1_48' title='bbox 670 1088 850 1148; x_wconf 88' lang='lat' dir='ltr'>vitam</span> <span class='ocrx_word' id='word_1_49' title='bbox 882 1099 1184 1147; x_wconf 82' lang='lat' dir='ltr'>aeternam.</span> <span class='ocrx_word' id='word_1_50' title='bbox 1270 1088 1423 1156; x_wconf 86' lang='lat' dir='ltr'>Quae</span> <span class='ocrx_word' id='word_1_51' title='bbox 1505 1088 1776 1148; x_wconf 79' lang='lat' dir='ltr'>remissio</span> <span class='ocrx_word' id='word_1_52' title='bbox 1812 1086 2095 1147; x_wconf 80' lang='lat' dir='ltr'>omnibus</span> <span class='ocrx_word' id='word_1_53' title='bbox 2133 1107 2241 1168; x_wconf 87' lang='lat' dir='ltr'>po-</span> 
     </span>
     <span class='ocr_line' id='line_1_9' title="bbox 503 1168 2239 1262; baseline -0.001 -32"><span class='ocrx_word' id='word_1_54' title='bbox 503 1171 661 1252; x_wconf 84' lang='lat' dir='ltr'>pulis</span> <span class='ocrx_word' id='word_1_55' title='bbox 690 1182 749 1229; x_wconf 90' lang='lat' dir='ltr'>et</span> <span class='ocrx_word' id='word_1_56' title='bbox 780 1168 1144 1240; x_wconf 87' lang='lat' dir='ltr'>bominibus,</span> <span class='ocrx_word' id='word_1_57' title='bbox 1172 1168 1246 1228; x_wconf 91' lang='lat' dir='ltr'>ad</span> <span class='ocrx_word' id='word_1_58' title='bbox 1285 1191 1435 1249; x_wconf 85' lang='lat' dir='ltr'>quos</span> <span class='ocrx_word' id='word_1_59' title='bbox 1529 1191 1633 1229; x_wconf 87' lang='lat' dir='ltr'>eus</span> <span class='ocrx_word' id='word_1_60' title='bbox 1672 1191 1780 1250; x_wconf 86' lang='lat' dir='ltr'>pro</span> <span class='ocrx_word' id='word_1_61' title='bbox 1819 1190 1929 1227; x_wconf 90' lang='lat' dir='ltr'>suo</span> <span class='ocrx_word' id='word_1_62' title='bbox 1957 1168 2239 1262; x_wconf 82' lang='lat' dir='ltr'>benepla-</span> 
     </span>
     <span class='ocr_line' id='line_1_10' title="bbox 503 1248 2240 1331; baseline -0.001 -19"><span class='ocrx_word' id='word_1_63' title='bbox 503 1253 623 1312; x_wconf 91' lang='lat' dir='ltr'>cito</span> <span class='ocrx_word' id='word_1_64' title='bbox 654 1251 839 1311; x_wconf 90' lang='lat' dir='ltr'>mittit</span> <span class='ocrx_word' id='word_1_65' title='bbox 870 1250 1291 1330; x_wconf 84' lang='lat' dir='ltr'>Evangelium‚</span> <span class='ocrx_word' id='word_1_66' title='bbox 1321 1250 1659 1331; x_wconf 85' lang='lat' dir='ltr'>promiscue</span> <span class='ocrx_word' id='word_1_67' title='bbox 1701 1261 1762 1309; x_wconf 91' lang='lat' dir='ltr'>et</span> <span class='ocrx_word' id='word_1_68' title='bbox 1804 1248 2240 1311; x_wconf 79' lang='lat' dir='ltr'>indiscrimina-</span> 
     </span>
     <span class='ocr_line' id='line_1_11' title="bbox 502 1330 2239 1414; baseline 0.001 -22"><span class='ocrx_word' id='word_1_69' title='bbox 502 1333 609 1392; x_wconf 89' lang='lat' dir='ltr'>tim</span> <span class='ocrx_word' id='word_1_70' title='bbox 643 1332 991 1393; x_wconf 83' lang='lat' dir='ltr'>annunciari</span> <span class='ocrx_word' id='word_1_71' title='bbox 1033 1347 1093 1391; x_wconf 91' lang='lat' dir='ltr'>et</span> <span class='ocrx_word' id='word_1_72' title='bbox 1131 1332 1382 1414; x_wconf 87' lang='lat' dir='ltr'>proponi</span> <span class='ocrx_word' id='word_1_73' title='bbox 1426 1331 1607 1392; x_wconf 89' lang='lat' dir='ltr'>debet</span> <span class='ocrx_word' id='word_1_74' title='bbox 1638 1353 1777 1393; x_wconf 91' lang='lat' dir='ltr'>cum</span> <span class='ocrx_word' id='word_1_75' title='bbox 1818 1330 2239 1414; x_wconf 59' lang='lat' dir='ltr'>resipiscentia</span> 
     </span>
     <span class='ocr_line' id='line_1_12' title="bbox 503 1414 1403 1557; baseline -0.003 -83"><span class='ocrx_word' id='word_1_76' title='bbox 503 1427 563 1475; x_wconf 90' lang='lat' dir='ltr'>et</span> <span class='ocrx_word' id='word_1_77' title='bbox 593 1414 731 1475; x_wconf 85' lang='lat' dir='ltr'>fidei</span> <span class='ocrx_word' id='word_1_78' title='bbox 765 1414 1063 1475; x_wconf 87' lang='lat' dir='ltr'>mandato.</span> <span class='ocrx_word' id='word_1_79' title='bbox 1314 1496 1403 1557; x_wconf 72' lang='lat' dir='ltr'>VI</span> 
     </span>
    </p>
   </div>
   <div class='ocr_carea' id='block_1_3' title="bbox 500 1578 2238 2047">
    <p class='ocr_par' dir='ltr' id='par_1_4' title="bbox 500 1578 2238 1988">
     <span class='ocr_line' id='line_1_13' title="bbox 585 1578 2236 1660; baseline 0.001 -23"><span class='ocrx_word' id='word_1_80' title='bbox 585 1578 763 1647; x_wconf 86' lang='lat' dir='ltr'>Quod</span> <span class='ocrx_word' id='word_1_81' title='bbox 814 1588 1015 1637; x_wconf 86' lang='lat' dir='ltr'>autem</span> <span class='ocrx_word' id='word_1_82' title='bbox 1069 1579 1241 1638; x_wconf 91' lang='lat' dir='ltr'>multi</span> <span class='ocrx_word' id='word_1_83' title='bbox 1287 1600 1392 1660; x_wconf 89' lang='lat' dir='ltr'>per</span> <span class='ocrx_word' id='word_1_84' title='bbox 1433 1578 1829 1660; x_wconf 85' lang='lat' dir='ltr'>Evangelium</span> <span class='ocrx_word' id='word_1_85' title='bbox 1871 1578 2064 1640; x_wconf 88' lang='lat' dir='ltr'>vocati</span> <span class='ocrx_word' id='word_1_86' title='bbox 2114 1599 2236 1639; x_wconf 86' lang='lat' dir='ltr'>nou</span> 
     </span>
     <span class='ocr_line' id='line_1_14' title="bbox 502 1659 2238 1743; baseline 0.001 -24"><span class='ocrx_word' id='word_1_87' title='bbox 502 1662 876 1743; x_wconf 87' lang='lat' dir='ltr'>resipiscunt,</span> <span class='ocrx_word' id='word_1_88' title='bbox 919 1683 1030 1720; x_wconf 89' lang='lat' dir='ltr'>nec</span> <span class='ocrx_word' id='word_1_89' title='bbox 1074 1660 1133 1719; x_wconf 88' lang='lat' dir='ltr'>in</span> <span class='ocrx_word' id='word_1_90' title='bbox 1171 1660 1481 1721; x_wconf 82' lang='lat' dir='ltr'>Christum</span> <span class='ocrx_word' id='word_1_91' title='bbox 1529 1661 1799 1733; x_wconf 86' lang='lat' dir='ltr'>credunt,</span> <span class='ocrx_word' id='word_1_92' title='bbox 1838 1661 1940 1721; x_wconf 85' lang='lat' dir='ltr'>sed</span> <span class='ocrx_word' id='word_1_93' title='bbox 1985 1659 2238 1721; x_wconf 83' lang='lat' dir='ltr'>infideli-</span> 
     </span>
     <span class='ocr_line' id='line_1_15' title="bbox 501 1742 2236 1825; baseline 0.001 -23"><span class='ocrx_word' id='word_1_94' title='bbox 501 1755 623 1803; x_wconf 87' lang='lat' dir='ltr'>tate</span> <span class='ocrx_word' id='word_1_95' title='bbox 666 1753 936 1825; x_wconf 88' lang='lat' dir='ltr'>pereunt,</span> <span class='ocrx_word' id='word_1_96' title='bbox 974 1765 1090 1802; x_wconf 89' lang='lat' dir='ltr'>non</span> <span class='ocrx_word' id='word_1_97' title='bbox 1137 1744 1207 1802; x_wconf 82' lang='lat' dir='ltr'>fit</span> <span class='ocrx_word' id='word_1_98' title='bbox 1252 1742 1366 1801; x_wconf 85' lang='lat' dir='ltr'>hoc</span> <span class='ocrx_word' id='word_1_99' title='bbox 1413 1742 1618 1803; x_wconf 81' lang='lat' dir='ltr'>bostiae</span> <span class='ocrx_word' id='word_1_100' title='bbox 1648 1743 1914 1803; x_wconf 70' lang='lat' dir='ltr'>Cunisrl</span> <span class='ocrx_word' id='word_1_101' title='bbox 1954 1744 2014 1803; x_wconf 90' lang='lat' dir='ltr'>in</span> <span class='ocrx_word' id='word_1_102' title='bbox 2059 1764 2236 1803; x_wconf 89' lang='lat' dir='ltr'>cruce</span> 
     </span>
     <span class='ocr_line' id='line_1_16' title="bbox 500 1823 2236 1907; baseline 0.001 -23"><span class='ocrx_word' id='word_1_103' title='bbox 500 1826 715 1885; x_wconf 82' lang='lat' dir='ltr'>oblatae</span> <span class='ocrx_word' id='word_1_104' title='bbox 757 1824 1012 1897; x_wconf 84' lang='lat' dir='ltr'>defectu,</span> <span class='ocrx_word' id='word_1_105' title='bbox 1041 1824 1130 1883; x_wconf 84' lang='lat' dir='ltr'>vel</span> <span class='ocrx_word' id='word_1_106' title='bbox 1180 1823 1614 1898; x_wconf 86' lang='lat' dir='ltr'>insufficientia,</span> <span class='ocrx_word' id='word_1_107' title='bbox 1650 1824 1752 1885; x_wconf 91' lang='lat' dir='ltr'>scd</span> <span class='ocrx_word' id='word_1_108' title='bbox 1801 1824 2037 1907; x_wconf 84' lang='lat' dir='ltr'>propria</span> <span class='ocrx_word' id='word_1_109' title='bbox 2078 1825 2236 1907; x_wconf 74' lang='lat' dir='ltr'>ipso-</span> 
     </span>
     <span class='ocr_line' id='line_1_17' title="bbox 503 1907 862 1988; baseline -0.006 -21"><span class='ocrx_word' id='word_1_110' title='bbox 503 1929 636 1967; x_wconf 92' lang='lat' dir='ltr'>rum</span> <span class='ocrx_word' id='word_1_111' title='bbox 668 1907 862 1988; x_wconf 88' lang='lat' dir='ltr'>culpa.</span> 
     </span>
    </p>

    <p class='ocr_par' dir='ltr' id='par_1_5' title="bbox 1291 1987 1435 2047">
     <span class='ocr_line' id='line_1_18' title="bbox 1291 1987 1435 2047; baseline 0 0"><span class='ocrx_word' id='word_1_112' title='bbox 1291 1987 1435 2047; x_wconf 90' lang='lat' dir='ltr'><strong>VII.</strong></span> 
     </span>
    </p>
   </div>
   <div class='ocr_carea' id='block_1_4' title="bbox 482 2068 2236 3719">
    <p class='ocr_par' dir='ltr' id='par_1_6' title="bbox 495 2068 2236 2481">
     <span class='ocr_line' id='line_1_19' title="bbox 582 2068 2232 2152; baseline 0.002 -23"><span class='ocrx_word' id='word_1_113' title='bbox 582 2072 900 2150; x_wconf 87' lang='lat' dir='ltr'>Quotquot</span> <span class='ocrx_word' id='word_1_114' title='bbox 956 2080 1156 2129; x_wconf 90' lang='lat' dir='ltr'>autem</span> <span class='ocrx_word' id='word_1_115' title='bbox 1201 2076 1337 2130; x_wconf 86' lang='lat' dir='ltr'>vere</span> <span class='ocrx_word' id='word_1_116' title='bbox 1393 2068 1663 2142; x_wconf 87' lang='lat' dir='ltr'>credunt,</span> <span class='ocrx_word' id='word_1_117' title='bbox 1710 2080 1772 2130; x_wconf 90' lang='lat' dir='ltr'>et</span> <span class='ocrx_word' id='word_1_118' title='bbox 1821 2091 1927 2152; x_wconf 87' lang='lat' dir='ltr'>per</span> <span class='ocrx_word' id='word_1_119' title='bbox 1973 2081 2232 2132; x_wconf 83' lang='lat' dir='ltr'>mortem</span> 
     </span>
     <span class='ocr_line' id='line_1_20' title="bbox 499 2151 2236 2234; baseline 0.002 -22"><span class='ocrx_word' id='word_1_120' title='bbox 499 2152 766 2212; x_wconf 73' lang='lat' dir='ltr'>Cnmsn</span> <span class='ocrx_word' id='word_1_121' title='bbox 797 2173 831 2212; x_wconf 88' lang='lat' dir='ltr'>a</span> <span class='ocrx_word' id='word_1_122' title='bbox 858 2152 1140 2234; x_wconf 77' lang='lat' dir='ltr'>peccatiS,</span> <span class='ocrx_word' id='word_1_123' title='bbox 1170 2162 1230 2211; x_wconf 89' lang='lat' dir='ltr'>et</span> <span class='ocrx_word' id='word_1_124' title='bbox 1268 2151 1507 2212; x_wconf 86' lang='lat' dir='ltr'>interitu</span> <span class='ocrx_word' id='word_1_125' title='bbox 1547 2152 1876 2212; x_wconf 78' lang='lat' dir='ltr'>liberantur</span> <span class='ocrx_word' id='word_1_126' title='bbox 1902 2174 1972 2213; x_wconf 86' lang='lat' dir='ltr'>ac</span> <span class='ocrx_word' id='word_1_127' title='bbox 2000 2174 2236 2215; x_wconf 71' lang='lat' dir='ltr'>servan·</span> 
     </span>
     <span class='ocr_line' id='line_1_21' title="bbox 496 2233 2229 2316; baseline 0.002 -22"><span class='ocrx_word' id='word_1_128' title='bbox 496 2245 612 2308; x_wconf 91' lang='lat' dir='ltr'>tur,</span> <span class='ocrx_word' id='word_1_129' title='bbox 643 2235 757 2294; x_wconf 88' lang='lat' dir='ltr'>illis</span> <span class='ocrx_word' id='word_1_130' title='bbox 795 2235 909 2294; x_wconf 88' lang='lat' dir='ltr'>hoc</span> <span class='ocrx_word' id='word_1_131' title='bbox 952 2233 1335 2308; x_wconf 87' lang='lat' dir='ltr'>beneficium,</span> <span class='ocrx_word' id='word_1_132' title='bbox 1364 2256 1435 2294; x_wconf 87' lang='lat' dir='ltr'>ex</span> <span class='ocrx_word' id='word_1_133' title='bbox 1481 2235 1606 2295; x_wconf 90' lang='lat' dir='ltr'>sola</span> <span class='ocrx_word' id='word_1_134' title='bbox 1647 2234 1765 2295; x_wconf 87' lang='lat' dir='ltr'>Dei</span> <span class='ocrx_word' id='word_1_135' title='bbox 1810 2235 2019 2316; x_wconf 86' lang='lat' dir='ltr'>gratia,</span> <span class='ocrx_word' id='word_1_136' title='bbox 2046 2257 2229 2316; x_wconf 85' lang='lat' dir='ltr'>quam</span> 
     </span>
     <span class='ocr_line' id='line_1_22' title="bbox 495 2316 2233 2399; baseline 0.002 -23"><span class='ocrx_word' id='word_1_137' title='bbox 495 2316 725 2377; x_wconf 88' lang='lat' dir='ltr'>nemini</span> <span class='ocrx_word' id='word_1_138' title='bbox 754 2316 954 2392; x_wconf 88' lang='lat' dir='ltr'>debet,</span> <span class='ocrx_word' id='word_1_139' title='bbox 983 2318 1059 2378; x_wconf 87' lang='lat' dir='ltr'>ab</span> <span class='ocrx_word' id='word_1_140' title='bbox 1087 2328 1310 2378; x_wconf 82' lang='lat' dir='ltr'>oeterno</span> <span class='ocrx_word' id='word_1_141' title='bbox 1354 2317 1495 2399; x_wconf 84' lang='lat' dir='ltr'>ipsis</span> <span class='ocrx_word' id='word_1_142' title='bbox 1540 2317 1599 2378; x_wconf 87' lang='lat' dir='ltr'>in</span> <span class='ocrx_word' id='word_1_143' title='bbox 1629 2317 1915 2379; x_wconf 74' lang='lat' dir='ltr'>Culus&#39;ro</span> <span class='ocrx_word' id='word_1_144' title='bbox 1941 2316 2100 2394; x_wconf 87' lang='lat' dir='ltr'>data,</span> <span class='ocrx_word' id='word_1_145' title='bbox 2126 2319 2233 2380; x_wconf 87' lang='lat' dir='ltr'>ob-</span> 
     </span>
     <span class='ocr_line' id='line_1_23' title="bbox 497 2399 695 2481; baseline 0 -22"><span class='ocrx_word' id='word_1_146' title='bbox 497 2399 695 2481; x_wconf 88' lang='lat' dir='ltr'>tingit.</span> 
     </span>
    </p>

    <p class='ocr_par' dir='ltr' id='par_1_7' title="bbox 1270 2485 1449 2545">
     <span class='ocr_line' id='line_1_24' title="bbox 1270 2485 1449 2545; baseline -0.006 0"><span class='ocrx_word' id='word_1_147' title='bbox 1270 2485 1449 2545; x_wconf 89' lang='lat' dir='ltr'><strong>VIII.</strong></span> 
     </span>
    </p>

    <p class='ocr_par' dir='ltr' id='par_1_8' title="bbox 482 2564 2229 3719">
     <span class='ocr_line' id='line_1_25' title="bbox 579 2564 2229 2641; baseline 0.004 -18"><span class='ocrx_word' id='word_1_148' title='bbox 579 2564 721 2623; x_wconf 86' lang='lat' dir='ltr'>Fuit</span> <span class='ocrx_word' id='word_1_149' title='bbox 759 2564 919 2624; x_wconf 88' lang='lat' dir='ltr'>enim</span> <span class='ocrx_word' id='word_1_150' title='bbox 963 2565 1077 2625; x_wconf 85' lang='lat' dir='ltr'>hoc</span> <span class='ocrx_word' id='word_1_151' title='bbox 1107 2566 1225 2626; x_wconf 83' lang='lat' dir='ltr'>Dei</span> <span class='ocrx_word' id='word_1_152' title='bbox 1258 2566 1446 2627; x_wconf 87' lang='lat' dir='ltr'>Patris</span> <span class='ocrx_word' id='word_1_153' title='bbox 1486 2566 1853 2627; x_wconf 89' lang='lat' dir='ltr'>liberrimum</span> <span class='ocrx_word' id='word_1_154' title='bbox 1890 2566 2229 2641; x_wconf 83' lang='lat' dir='ltr'>consilium,</span> 
     </span>
     <span class='ocr_line' id='line_1_26' title="bbox 494 2646 2229 2728; baseline 0.003 -22"><span class='ocrx_word' id='word_1_155' title='bbox 494 2658 555 2707; x_wconf 90' lang='lat' dir='ltr'>et</span> <span class='ocrx_word' id='word_1_156' title='bbox 597 2646 1023 2727; x_wconf 82' lang='lat' dir='ltr'>gratiosissima</span> <span class='ocrx_word' id='word_1_157' title='bbox 1058 2647 1331 2709; x_wconf 85' lang='lat' dir='ltr'>voluntas</span> <span class='ocrx_word' id='word_1_158' title='bbox 1378 2660 1556 2728; x_wconf 90' lang='lat' dir='ltr'>atque</span> <span class='ocrx_word' id='word_1_159' title='bbox 1601 2649 1871 2723; x_wconf 86' lang='lat' dir='ltr'>intentio,</span> <span class='ocrx_word' id='word_1_160' title='bbox 1905 2661 1973 2710; x_wconf 93' lang='lat' dir='ltr'>ut</span> <span class='ocrx_word' id='word_1_161' title='bbox 2019 2649 2229 2711; x_wconf 79' lang='lat' dir='ltr'>mortis</span> 
     </span>
     <span class='ocr_line' id='line_1_27' title="bbox 494 2728 2229 2811; baseline 0.003 -23"><span class='ocrx_word' id='word_1_162' title='bbox 494 2728 937 2811; x_wconf 81' lang='lat' dir='ltr'>pretiosissimoe</span> <span class='ocrx_word' id='word_1_163' title='bbox 974 2728 1110 2790; x_wconf 84' lang='lat' dir='ltr'>Filii</span> <span class='ocrx_word' id='word_1_164' title='bbox 1150 2730 1240 2790; x_wconf 88' lang='lat' dir='ltr'>sui</span> <span class='ocrx_word' id='word_1_165' title='bbox 1283 2730 1517 2791; x_wconf 83' lang='lat' dir='ltr'>vivifica</span> <span class='ocrx_word' id='word_1_166' title='bbox 1559 2742 1620 2791; x_wconf 88' lang='lat' dir='ltr'>et</span> <span class='ocrx_word' id='word_1_167' title='bbox 1663 2731 1925 2793; x_wconf 81' lang='lat' dir='ltr'>salvifica</span> <span class='ocrx_word' id='word_1_168' title='bbox 1965 2731 2229 2793; x_wconf 84' lang='lat' dir='ltr'>efficacia</span> 
     </span>
     <span class='ocr_line' id='line_1_28' title="bbox 495 2812 2228 2888; baseline 0.003 -18"><span class='ocrx_word' id='word_1_169' title='bbox 495 2833 623 2871; x_wconf 80' lang='lat' dir='ltr'>sese</span> <span class='ocrx_word' id='word_1_170' title='bbox 668 2823 932 2872; x_wconf 83' lang='lat' dir='ltr'>exereret</span> <span class='ocrx_word' id='word_1_171' title='bbox 979 2812 1038 2871; x_wconf 88' lang='lat' dir='ltr'>in</span> <span class='ocrx_word' id='word_1_172' title='bbox 1078 2812 1359 2873; x_wconf 89' lang='lat' dir='ltr'>omnibus</span> <span class='ocrx_word' id='word_1_173' title='bbox 1398 2814 1619 2888; x_wconf 86' lang='lat' dir='ltr'>electis,</span> <span class='ocrx_word' id='word_1_174' title='bbox 1649 2813 1722 2874; x_wconf 88' lang='lat' dir='ltr'>ad</span> <span class='ocrx_word' id='word_1_175' title='bbox 1765 2836 1867 2875; x_wconf 88' lang='lat' dir='ltr'>eos</span> <span class='ocrx_word' id='word_1_176' title='bbox 1910 2815 2066 2875; x_wconf 82' lang='lat' dir='ltr'>solos</span> <span class='ocrx_word' id='word_1_177' title='bbox 2108 2813 2228 2875; x_wconf 78' lang='lat' dir='ltr'>fide</span> 
     </span>
     <span class='ocr_line' id='line_1_29' title="bbox 482 2893 2228 2978; baseline 0.002 -26"><span class='ocrx_word' id='word_1_178' title='bbox 482 2893 852 2971; x_wconf 85' lang='lat' dir='ltr'>justificante</span> <span class='ocrx_word' id='word_1_179' title='bbox 881 2893 1209 2969; x_wconf 87' lang='lat' dir='ltr'>donandos,</span> <span class='ocrx_word' id='word_1_180' title='bbox 1237 2907 1298 2955; x_wconf 89' lang='lat' dir='ltr'>et</span> <span class='ocrx_word' id='word_1_181' title='bbox 1326 2917 1431 2978; x_wconf 85' lang='lat' dir='ltr'>per</span> <span class='ocrx_word' id='word_1_182' title='bbox 1458 2919 1589 2957; x_wconf 87' lang='lat' dir='ltr'>eam</span> <span class='ocrx_word' id='word_1_183' title='bbox 1623 2895 1694 2956; x_wconf 91' lang='lat' dir='ltr'>ad</span> <span class='ocrx_word' id='word_1_184' title='bbox 1726 2896 1978 2958; x_wconf 90' lang='lat' dir='ltr'>salutem</span> <span class='ocrx_word' id='word_1_185' title='bbox 2010 2896 2228 2958; x_wconf 86' lang='lat' dir='ltr'>infalli-</span> 
     </span>
     <span class='ocr_line' id='line_1_30' title="bbox 491 2974 2227 3058; baseline 0.002 -23"><span class='ocrx_word' id='word_1_186' title='bbox 491 2976 691 3036; x_wconf 84' lang='lat' dir='ltr'>biliter</span> <span class='ocrx_word' id='word_1_187' title='bbox 719 2974 1160 3058; x_wconf 84' lang='lat' dir='ltr'>perducendos:</span> <span class='ocrx_word' id='word_1_188' title='bbox 1206 2977 1321 3038; x_wconf 87' lang='lat' dir='ltr'>hoc</span> <span class='ocrx_word' id='word_1_189' title='bbox 1355 2990 1463 3051; x_wconf 87' lang='lat' dir='ltr'>est,</span> <span class='ocrx_word' id='word_1_190' title='bbox 1492 2979 1680 3039; x_wconf 85' lang='lat' dir='ltr'>voluit</span> <span class='ocrx_word' id='word_1_191' title='bbox 1707 2979 1899 3055; x_wconf 87' lang='lat' dir='ltr'>Deus,</span> <span class='ocrx_word' id='word_1_192' title='bbox 1925 2992 1995 3040; x_wconf 88' lang='lat' dir='ltr'>ut</span> <span class='ocrx_word' id='word_1_193' title='bbox 2021 2979 2227 3041; x_wconf 81' lang='lat' dir='ltr'>Chris-</span> 
     </span>
     <span class='ocr_line' id='line_1_31' title="bbox 491 3059 2225 3142; baseline 0.004 -25"><span class='ocrx_word' id='word_1_194' title='bbox 491 3069 587 3118; x_wconf 88' lang='lat' dir='ltr'>tus</span> <span class='ocrx_word' id='word_1_195' title='bbox 630 3080 737 3141; x_wconf 85' lang='lat' dir='ltr'>per</span> <span class='ocrx_word' id='word_1_196' title='bbox 770 3059 1122 3140; x_wconf 86' lang='lat' dir='ltr'>sanguinem</span> <span class='ocrx_word' id='word_1_197' title='bbox 1166 3060 1358 3121; x_wconf 88' lang='lat' dir='ltr'>crucis</span> <span class='ocrx_word' id='word_1_198' title='bbox 1389 3063 1533 3142; x_wconf 91' lang='lat' dir='ltr'>(quo</span> <span class='ocrx_word' id='word_1_199' title='bbox 1575 3083 1797 3123; x_wconf 86' lang='lat' dir='ltr'>novum</span> <span class='ocrx_word' id='word_1_200' title='bbox 1844 3061 2042 3123; x_wconf 85' lang='lat' dir='ltr'>foedus</span> <span class='ocrx_word' id='word_1_201' title='bbox 2083 3083 2225 3123; x_wconf 86' lang='lat' dir='ltr'>con-</span> 
     </span>
     <span class='ocr_line' id='line_1_32' title="bbox 490 3141 2226 3236; baseline 0.003 -36"><span class='ocrx_word' id='word_1_202' title='bbox 490 3141 775 3220; x_wconf 84' lang='lat' dir='ltr'>firmavit)</span> <span class='ocrx_word' id='word_1_203' title='bbox 817 3162 891 3201; x_wconf 89' lang='lat' dir='ltr'>ex</span> <span class='ocrx_word' id='word_1_204' title='bbox 937 3142 1102 3202; x_wconf 86' lang='lat' dir='ltr'>omni</span> <span class='ocrx_word' id='word_1_205' title='bbox 1154 3143 1400 3236; x_wconf 83' lang='lat' dir='ltr'>populo,</span> <span class='ocrx_word' id='word_1_206' title='bbox 1443 3144 1621 3216; x_wconf 90' lang='lat' dir='ltr'>tribu,</span> <span class='ocrx_word' id='word_1_207' title='bbox 1658 3156 1855 3226; x_wconf 81' lang='lat' dir='ltr'>gente,</span> <span class='ocrx_word' id='word_1_208' title='bbox 1898 3155 1957 3205; x_wconf 89' lang='lat' dir='ltr'>et</span> <span class='ocrx_word' id='word_1_209' title='bbox 2003 3144 2226 3226; x_wconf 82' lang='lat' dir='ltr'>lingua,</span> 
     </span>
     <span class='ocr_line' id='line_1_33' title="bbox 491 3224 2226 3306; baseline 0.004 -24"><span class='ocrx_word' id='word_1_210' title='bbox 491 3245 591 3282; x_wconf 87' lang='lat' dir='ltr'>eos</span> <span class='ocrx_word' id='word_1_211' title='bbox 621 3245 830 3283; x_wconf 88' lang='lat' dir='ltr'>omncs</span> <span class='ocrx_word' id='word_1_212' title='bbox 859 3235 918 3284; x_wconf 87' lang='lat' dir='ltr'>et</span> <span class='ocrx_word' id='word_1_213' title='bbox 949 3224 1123 3299; x_wconf 84' lang='lat' dir='ltr'>solos,</span> <span class='ocrx_word' id='word_1_214' title='bbox 1150 3247 1252 3306; x_wconf 83' lang='lat' dir='ltr'>qui</span> <span class='ocrx_word' id='word_1_215' title='bbox 1280 3227 1355 3286; x_wconf 84' lang='lat' dir='ltr'>ab</span> <span class='ocrx_word' id='word_1_216' title='bbox 1384 3237 1605 3286; x_wconf 86' lang='lat' dir='ltr'>oetcrno</span> <span class='ocrx_word' id='word_1_217' title='bbox 1645 3226 1715 3286; x_wconf 90' lang='lat' dir='ltr'>ad</span> <span class='ocrx_word' id='word_1_218' title='bbox 1748 3227 2001 3288; x_wconf 89' lang='lat' dir='ltr'>salutem</span> <span class='ocrx_word' id='word_1_219' title='bbox 2031 3226 2226 3302; x_wconf 86' lang='lat' dir='ltr'>electi,</span> 
     </span>
     <span class='ocr_line' id='line_1_34' title="bbox 491 3305 2223 3388; baseline 0.004 -24"><span class='ocrx_word' id='word_1_220' title='bbox 491 3317 551 3365; x_wconf 90' lang='lat' dir='ltr'>et</span> <span class='ocrx_word' id='word_1_221' title='bbox 595 3328 627 3365; x_wconf 92' lang='lat' dir='ltr'>a</span> <span class='ocrx_word' id='word_1_222' title='bbox 664 3306 837 3365; x_wconf 83' lang='lat' dir='ltr'>Patre</span> <span class='ocrx_word' id='word_1_223' title='bbox 880 3305 990 3388; x_wconf 89' lang='lat' dir='ltr'>ipsi</span> <span class='ocrx_word' id='word_1_224' title='bbox 1035 3306 1156 3367; x_wconf 91' lang='lat' dir='ltr'>dati</span> <span class='ocrx_word' id='word_1_225' title='bbox 1199 3318 1357 3381; x_wconf 87' lang='lat' dir='ltr'>sunt,</span> <span class='ocrx_word' id='word_1_226' title='bbox 1386 3307 1702 3369; x_wconf 84' lang='lat' dir='ltr'>efficaciter</span> <span class='ocrx_word' id='word_1_227' title='bbox 1744 3308 2077 3385; x_wconf 84' lang='lat' dir='ltr'>redimeret,</span> <span class='ocrx_word' id='word_1_228' title='bbox 2105 3307 2223 3370; x_wconf 79' lang='lat' dir='ltr'>fide</span> 
     </span>
     <span class='ocr_line' id='line_1_35' title="bbox 492 3388 2221 3483; baseline 0.002 -37"><span class='ocrx_word' id='word_1_229' title='bbox 492 3390 717 3467; x_wconf 93' lang='lat' dir='ltr'>(quam,</span> <span class='ocrx_word' id='word_1_230' title='bbox 743 3401 810 3448; x_wconf 89' lang='lat' dir='ltr'>ut</span> <span class='ocrx_word' id='word_1_231' title='bbox 838 3399 897 3449; x_wconf 90' lang='lat' dir='ltr'>et</span> <span class='ocrx_word' id='word_1_232' title='bbox 928 3388 1041 3449; x_wconf 91' lang='lat' dir='ltr'>alia</span> <span class='ocrx_word' id='word_1_233' title='bbox 1070 3389 1327 3483; x_wconf 82' lang='lat' dir='ltr'>Spiritus</span> <span class='ocrx_word' id='word_1_234' title='bbox 1350 3391 1550 3451; x_wconf 79' lang='lat' dir='ltr'>Sancti</span> <span class='ocrx_word' id='word_1_235' title='bbox 1584 3391 1845 3452; x_wconf 83' lang='lat' dir='ltr'>salvifica</span> <span class='ocrx_word' id='word_1_236' title='bbox 1873 3391 2051 3466; x_wconf 78' lang='lat' dir='ltr'>dona,</span> <span class='ocrx_word' id='word_1_237' title='bbox 2075 3389 2221 3474; x_wconf 75' lang='lat' dir='ltr'>ipsis</span> 
     </span>
     <span class='ocr_line' id='line_1_36' title="bbox 493 3471 2221 3557; baseline 0.003 -30"><span class='ocrx_word' id='word_1_238' title='bbox 493 3482 681 3529; x_wconf 86' lang='lat' dir='ltr'>morte</span> <span class='ocrx_word' id='word_1_239' title='bbox 712 3492 816 3530; x_wconf 89' lang='lat' dir='ltr'>sua</span> <span class='ocrx_word' id='word_1_240' title='bbox 847 3471 1187 3553; x_wconf 84' lang='lat' dir='ltr'>acquisivit)</span> <span class='ocrx_word' id='word_1_241' title='bbox 1219 3472 1485 3548; x_wconf 81' lang='lat' dir='ltr'>donaret,</span> <span class='ocrx_word' id='word_1_242' title='bbox 1513 3475 1589 3534; x_wconf 85' lang='lat' dir='ltr'>ab</span> <span class='ocrx_word' id='word_1_243' title='bbox 1631 3474 1912 3535; x_wconf 78' lang='lat' dir='ltr'>omnibus</span> <span class='ocrx_word' id='word_1_244' title='bbox 1944 3471 2221 3557; x_wconf 68' lang='lat' dir='ltr'>peccatis,</span> 
     </span>
     <span class='ocr_line' id='line_1_37' title="bbox 491 3552 2219 3639; baseline 0.003 -30"><span class='ocrx_word' id='word_1_245' title='bbox 491 3561 618 3610; x_wconf 91' lang='lat' dir='ltr'>tum</span> <span class='ocrx_word' id='word_1_246' title='bbox 650 3552 942 3634; x_wconf 77' lang='lat' dir='ltr'>originali,</span> <span class='ocrx_word' id='word_1_247' title='bbox 973 3565 1102 3615; x_wconf 89' lang='lat' dir='ltr'>tum</span> <span class='ocrx_word' id='word_1_248' title='bbox 1136 3556 1486 3629; x_wconf 78' lang='lat' dir='ltr'>actualibus,</span> <span class='ocrx_word' id='word_1_249' title='bbox 1516 3568 1637 3617; x_wconf 90' lang='lat' dir='ltr'>tam</span> <span class='ocrx_word' id='word_1_250' title='bbox 1685 3569 1837 3639; x_wconf 85' lang='lat' dir='ltr'>post,</span> <span class='ocrx_word' id='word_1_251' title='bbox 1865 3563 2046 3637; x_wconf 84' lang='lat' dir='ltr'>quam</span> <span class='ocrx_word' id='word_1_252' title='bbox 2080 3565 2219 3614; x_wconf 79' lang='lat' dir='ltr'>ante</span> 
     </span>
     <span class='ocr_line' id='line_1_38' title="bbox 490 3630 2214 3719; baseline 0.005 -29"><span class='ocrx_word' id='word_1_253' title='bbox 490 3630 668 3690; x_wconf 73' lang='lat' dir='ltr'>fldem</span> <span class='ocrx_word' id='word_1_254' title='bbox 714 3635 1047 3696; x_wconf 81' lang='lat' dir='ltr'>commissis</span> <span class='ocrx_word' id='word_1_255' title='bbox 1092 3634 1388 3719; x_wconf 74' lang='lat' dir='ltr'>sanguine</span> <span class='ocrx_word' id='word_1_256' title='bbox 1424 3661 1532 3699; x_wconf 82' lang='lat' dir='ltr'>suo</span> <span class='ocrx_word' id='word_1_257' title='bbox 1569 3634 2004 3708; x_wconf 52' lang='lat' dir='ltr'>mundareuad</span> <span class='ocrx_word' id='word_1_258' title='bbox 2032 3637 2214 3698; x_wconf 73' lang='lat' dir='ltr'>finem</span> 
     </span>
    </p>
   </div>
  </div>
 </body>
</html>
