2418 4172
128 512 488 622 muer-cis
535 551 771 614 Chr-fieti
782 548 1091 635 fidelibus
1126 571 1243 631 per
1284 549 1684 613 Germaniam
1728 563 1910 637 atque

245 667 488 722 exteras
529 656 713 717 etiam
757 655 1053 724 nationes,
1096 651 1380 714 Ministri
1425 654 1907 737 subscriptarum

60 816 73 840 ,.
124 811 162 834 -,
246 762 666 829 Εοοὶεείαυνυυι
707 782 825 843 per
869 758 1240 831 Helvetium,
1277 759 1553 840 gratiam
1601 766 1661 819 et
1698 780 1911 840 pacem

244 860 300 933 Β
336 867 476 930 Deo
526 864 743 934 Patre,
777 884 895 944 per
939 862 1160 924 Jesum
1214 860 1529 922 Christum
1580 860 1912 922 Dominum

25 1041 28 1048 ,
94 945 99 947 ³
156 1012 159 1017 ,
245 978 517 1035 mmm
540 975 896 1051 precantur.

164 1137 749 1221 CONSCRIP'PAE
805 1167 944 1216 sunt
1002 1155 1314 1227 hactenus,
1362 1164 1423 1213 et
1481 1151 1744 1214 eduntur
1800 1151 1914 1213 hoc

163 1255 470 1342 precipue
515 1268 787 1337 tempore
831 1253 891 1312 in
937 1251 1271 1335 publicum,
1319 1273 1352 1311 a
1400 1250 1618 1333 regnis,
1660 1250 1917 1311 nationi-

166 1354 302 1430 bus,
334 1364 399 1414 et
426 1350 802 1420 civitatibus,
832 1348 1042 1408 multae
1082 1368 1152 1407 ac
1191 1346 1366 1406 variae
1395 1345 1816 1406 Confessiones
1857 1356 1917 1405 et

166 1448 571 1534 expositiqnes
614 1445 775 1519 fidei,
817 1445 1037 1525 quibus
1087 1455 1360 1504 extremo
1412 1442 1528 1503 hoc
1588 1442 1811 1515 seculO,
1856 1442 1916 1501 in

0 1567 27 1609 ε·
165 1556 309 1609 uma
322 1542 544 1607 infelici
584 1542 1053 1625 perniciosarum
1085 1551 1378 1622 proventu
1411 1540 1751 1613 haeresium,
1779 1559 1918 1619 quae

0 1673 33 1781 K
164 1641 390 1727 passim
420 1638 792 1710 exoriuntur,
813 1637 1033 1697 docent
1062 1647 1244 1716 atque
1271 1645 1586 1707 testantur,
1616 1658 1680 1695 se
1709 1635 1769 1695 in
1802 1634 1921 1695 Ec-

107 1786 124 1802 ,
164 1736 362 1803 ele-iis
390 1736 513 1798 suis
550 1733 884 1796 orthodoxe
914 1732 1386 1815 simpliciterque
1415 1731 1654 1806 sentire,
1680 1731 1921 1792 credere

99 1869 106 1873 ’
163 1846 349 1917 atque
372 1832 609 1906 dooere,
637 1830 715 1892 de
752 1829 1036 1891 omnibus
1077 1829 1138 1889 in
1184 1828 1528 1889 universum
1569 1841 1627 1890 et
1668 1828 1919 1911 singulis

164 1929 525 2001 Chri-tianoe
556 1928 696 1991 fidei
725 1939 789 1989 et
817 1926 1118 2010 religionis
1149 1941 1368 1987 nostrae
1392 1924 1797 2008 dogmatibus,
1818 1924 1921 1985 de-

165 2028 351 2111 nique
394 2049 458 2088 se
499 2036 562 2087 et
602 2025 679 2085 ab
717 2023 1034 2085 haeresium
1082 2033 1454 2083 sectarumve
1491 2020 1921 2082 communione

165 2147 296 2188 esse
316 2145 499 2206 quam
524 2121 937 2183 alienissimos.
990 2119 1122 2181 Nos
1151 2141 1314 2202 ergo,
1334 2118 1574 2179 tametsi
1607 2129 1781 2180 antea
1805 2118 1921 2179 hoc

169 2222 370 2330 ipsum
399 2218 768 2280 fecerimus
756 2240 817 2278 in
850 2217 1065 2278 nostris
1095 2215 1329 2298 scriptis
1362 2214 1423 2275 in
1454 2214 1766 2297 publicum
1797 2213 1922 2274 edi-

37 2387 43 2396 ,
166 2316 264 2391 tis,
314 2315 459 2398 quia
505 2326 710 2376 tamen
756 2314 858 2374 illa
908 2313 971 2373 in
1017 2311 1383 2372 oblivionem
1430 2310 1583 2372 forte
1630 2311 1923 2384 abierunt,

63 2392 506 2519 «“ῗ“ῗωίοᾳυο
490 2432 556 2472 in
583 2410 750 2485 locis,
777 2421 839 2471 et
868 2408 1160 2493 prolixius
1189 2408 1374 2470 etiam
1420 2429 1545 2469 rem
1590 2417 1923 2491 exponunt,

236 2581 261 2596 ,
290 2529 350 2571 m
380 2518 451 2570 ut
478 2507 808 2570 omnibus
793 2505 1091 2587 inquirere
1122 2528 1192 2566 ac
1219 2488 1525 2589 perlegere
1553 2516 1743 2575 vacet,
1772 2526 1923 2588 prae-

55 2676 57 2679 ,
163 2604 329 2681 duno
365 2605 621 2667 aliorum
665 2603 936 2665 fidelium
984 2603 1268 2686 exemplo
1311 2601 1577 2676 excitati,
1604 2601 1770 2663 brevi
1810 2601 1926 2662 hac

165 2701 541 2788 expositione
582 2724 874 2785 conamur
913 2700 1259 2784 complecti,
1286 2712 1348 2762 et
1381 2701 1668 2761 omnibus
1695 2698 1924 2760 Christi

168 2797 447 2863 fidelibus
490 2814 841 2884 proponere,
869 2798 1204 2860 doctrinam
1238 2797 1765 2877 oeconomiamque
1803 2794 1926 2855 Ec-

165 2896 484 2961 daiamm
523 2905 881 2972 nostrarum,
908 2918 1091 2979 quam
1131 2896 1232 2957 ille
1263 2917 1405 2956 mox
1437 2896 1513 2956 ab
1544 2894 1715 2956 initio
1743 2893 1924 2954 refor-

77 3050 86 3059 .
168 2993 471 3071 nationis,
500 2994 725 3056 multos
748 2993 884 3075 jam
925 3017 1035 3077 per
1078 3016 1287 3068 annos,
1316 2993 1627 3074 multaque
1669 3012 1778 3075 per
1802 2989 1926 3050 dis-

169 3088 420 3153 crimina
461 3113 658 3153 rerum
708 3090 992 3153 athunc
1041 3113 1231 3173 usque
1273 3089 1458 3165 diem,
1498 3109 1739 3151 summo
1781 3108 1923 3148 cum

68 3219 74 3222 ·
170 3193 487 3262 consensu,
513 3195 574 3248 et
601 3186 959 3261 docuerunt,
987 3198 1050 3249 et
1087 3210 1253 3249 nunc
1283 3208 1525 3269 quoque
1556 3182 1926 3246 custodiunt.

66 3365 74 3371 ν
169 3280 406 3345 Eadem
435 3304 618 3366 opera
651 3293 1007 3346 attestamur
1034 3284 1217 3346 etiam
1249 3284 1534 3345 omnibus
1555 3282 1925 3343 ‘consensum

170 3390 445 3441 nostrum
504 3379 876 3454 unanimem,
920 3402 1105 3461 quem
1156 3380 1324 3442 dedit
1379 3378 1555 3441 nobis
1602 3376 1925 3450 Dominus,
1981 3382 2000 3394 ³

140 3466 249 3537 'ut
278 3475 341 3538 in
383 3476 602 3537 nostris
629 3476 916 3547 eeclesiis,
945 3476 1166 3557 quibus
1206 3497 1315 3537 nos
1361 3470 1927 3537 ministrare'voluit

172 3570 498 3644 Dominus,
528 3571 689 3635 idem
719 3573 1039 3654 loquamur
1064 3594 1296 3648 omnes,
1323 3594 1434 3635 nec
1463 3572 1583 3634 sint
1623 3570 1779 3632 inter
1817 3591 1925 3631 nos

1640 3777 1670 3786 Ι

1664 3796 1698 3807 Ι
