2418 4172
549 358 656 412 DE
695 357 1252 412 CONVERSIONIS
1291 357 1534 412 MODO.
1800 361 1906 417 429

218 508 388 561 roeter
413 509 474 560 et
502 510 709 559 contra
737 522 916 560 omne
948 500 1226 560 meritum
1258 509 1422 560 tanta
1452 498 1522 556 fit
1549 498 1754 577 gratia,
1771 521 1902 560 cam

172 521 390 643 flumin
434 592 496 642 et
537 593 706 662 grato
734 581 911 643 corde
939 603 1273 662 agnoscere,
1303 581 1365 641 in
1407 578 1649 658 reliquis
1689 590 1910 655 autem,

173 663 394 744 quibus
434 686 505 725 ea
653 663 734 724 tia
778 686 895 724 non
946 666 1034 734 fit,
1078 663 1473 730 severitatem,
1512 670 1575 720 et
1607 659 1935 738 justitiam·

163 744 530 825 judiciorum
632 764 696 805 ει
731 766 868 805 cum
901 750 956 805 A
1041 745 1193 804 stolo
1236 743 1499 814 adorare,
1527 762 1906 823 nequaquam

173 849 316 889 vero
343 827 573 888 curiose
602 827 848 887 scrutari
880 825 1119 967 devfitl.

255 989 575 1069 Quotquot
615 998 815 1048 autem
860 1010 967 1070 per
999 987 1397 1080 Evangelium
1428 999 1732 1062 vocantur,
1761 989 1911 1050 serio

170 1081 475 1133 vocantur.
560 1069 728 1130 Serio
772 1070 935 1131 enim
980 1083 1042 1131 et
1083 1070 1387 1131 verissime
1428 1069 1689 1131 ostendit
1725 1071 1911 1133 Dzus

170 1153 355 1215 verbo
394 1173 523 1225 suo,
550 1152 694 1232 quid
739 1153 850 1212 sibi
892 1164 1128 1235 gratum
1159 1153 1255 1225 sit,
1285 1151 1592 1226 nimirum,
1622 1164 1689 1213 ut
1716 1154 1910 1215 vocati

170 1233 249 1296 ad
278 1253 343 1297 se
370 1234 629 1296 veniant.
705 1235 874 1295 Serio
901 1236 1083 1295 etiam
1114 1235 1396 1309 omnibus
1426 1234 1499 1294 ad
1531 1257 1594 1295 se
1622 1235 1912 1297 venienti-

171 1316 286 1379 bus
340 1328 404 1379 et
456 1315 836 1378 credentibus
892 1318 1160 1398 requiem
1218 1317 1575 1391 animarum,
1616 1329 1678 1378 et
1720 1318 1906 1379 vitam

171 1414 455 1466 eternam
486 1399 804 1481 promittit.
987 1480 1084 1541 IX

256 1562 438 1632 Quod
494 1563 670 1623 multi
727 1583 835 1643 per
879 1562 1275 1623 ministerium
1334 1562 1647 1644 Evangelii
1696 1564 1912 1636 vocati,

171 1665 296 1724 non
323 1643 575 1704 veniunt
615 1654 677 1703 et
718 1665 839 1703 non
883 1655 1326 1717 convertuntur,
1354 1645 1532 1722 hujus
1576 1646 1754 1726 culpa
1788 1668 1909 1706 non

168 1735 267 1787 est
310 1723 375 1786 iu
421 1723 775 1807 Evangelio,
816 1746 928 1785 nec
975 1726 1037 1785 in
1076 1726 1321 1786 Christo
1367 1747 1476 1807 per
1509 1725 1909 1807 Evangelium

170 1807 395 1880 oblato,
425 1828 538 1868 nec
565 1807 628 1867 in
656 1806 793 1867 Deo
822 1828 930 1888 per
948 1805 1348 1888 Evangelium
1373 1819 1643 1880 vocante,
1664 1820 1727 1868 et
1754 1808 1912 1869 dona

169 1888 354 1950 diam
383 1889 544 1950 varia
578 1889 650 1949 iis
677 1888 1039 1962 conferente,
1067 1890 1169 1949 sed
1214 1889 1276 1949 in
1306 1889 1528 1949 vocatis
1570 1890 1734 1971 ipsis,
1763 1912 1911 1970 quo·

171 1992 309 2032 rum
350 1970 537 2051 aliqui
564 1971 813 2031 verbum
842 1970 979 2031 vitae
1022 1992 1142 2031 non
1181 1971 1510 2031 admittunt
1537 1972 1764 2041 securi;
1809 1973 1906 2032 alii

175 2050 507 2114 admittunt
533 2051 779 2132 quidem
824 2051 926 2111 sed
970 2074 1091 2112 non
1136 2052 1197 2111 in
1229 2074 1333 2114 cor
1361 2052 1719 2126 immittunt,
1747 2054 1911 2114 ideo-

173 2155 293 2228 que
333 2145 472 2216 post
512 2133 832 2195 evanidum
863 2132 1002 2194 fidei
1032 2135 1404 2216 temporariae
1443 2134 1727 2215 gaudium
1770 2136 1911 2196 resi·

173 2219 370 2286 huut;
428 2215 529 2276 alii
578 2215 766 2298 spinis
809 2237 1086 2276 curarum
1132 2227 1194 2276 et
1241 2216 1648 2297 voluptatibus
1704 2218 1907 2278 saeculi

174 2319 383 2359 semen
410 2297 573 2359 verbi
617 2298 924 2371 suffocant,
951 2297 1301 2379 fructusque
1335 2298 1532 2358 nullos
1566 2299 1909 2380 proferunt;

175 2379 339 2474 quod
365 2379 641 2441 Servator
661 2390 863 2440 noster
889 2380 1133 2440 seminis
1162 2379 1444 2462 parabola
1469 2379 1664 2455 docet,
1683 2381 1908 2442 Matth.

173 2481 304 2523 xm.

1003 2542 1088 2602 X.

257 2625 439 2695 Quod
482 2637 680 2686 autem
725 2626 845 2699 alii,
889 2647 995 2707 per
1025 2624 1422 2685 ministerium
1464 2624 1777 2705 Evangelii
1807 2649 1910 2686 vo-

174 2707 315 2780 cati,
340 2707 589 2768 veniunt
628 2719 690 2768 et
730 2719 1173 2780 convertuntur,
1202 2706 1262 2766 id
1301 2729 1420 2767 non
1454 2719 1546 2766 est
1572 2707 1911 2768 adscriben-

174 2787 322 2849 dum
354 2787 608 2862 bomini,
636 2801 923 2869 tanquam
964 2790 1226 2870 seipsum
1258 2810 1365 2870 per
1391 2789 1648 2848 liberum
1679 2790 1910 2850 arbitri·

179 2892 283 2931 um
329 2871 406 2931 ab
449 2870 579 2931 aliis
622 2870 749 2952 pari
774 2870 865 2930 vel
916 2871 1246 2931 sufficiente
1290 2870 1477 2950 gratia
1512 2870 1584 2929 ad
1624 2871 1804 2931 fidem
1849 2885 1912 2932 et

174 2952 624 3013 conversionem
668 2952 968 3013 instructis
1011 2952 1389 3024 discernenti,
1428 2949 1619 3035 [quod
1656 2953 1910 3034 superba

179 3034 401 3117 Pelagii
452 3033 989 3119 hoeresis'statuit,]
1036 3034 1139 3095 sed
1187 3034 1342 3107 Deo,
1386 3033 1491 3114 qui
1537 3045 1604 3093 ut
1646 3056 1784 3095 suos
1833 3036 1910 3096 ab

152 3127 399 3177 voeterno
428 3116 490 3176 in
518 3116 761 3177 Christo
788 3116 986 3197 elegit,
1012 3118 1096 3177 ita
1123 3116 1362 3177 eosdem
1392 3116 1453 3175 in
1482 3126 1754 3198 tempore
1781 3117 1910 3178 effi-

177 3198 396 3259 caciter
421 3211 613 3269 vocat,
643 3198 762 3259 fide
793 3211 854 3258 et
895 3198 1299 3281 resipiscentia
1332 3197 1534 3271 donat,
1561 3210 1623 3259 et
1649 3220 1684 3259 e
1710 3210 1910 3281 potes-

179 3291 302 3340 tate
328 3281 703 3340 tenebrarum
736 3291 934 3340 erutos
962 3280 1023 3339 in
1047 3280 1181 3340 Filii
1215 3280 1303 3339 sui
1337 3301 1587 3360 regnum
1612 3281 1909 3356 transfert,

179 3373 248 3422 ut
276 3361 520 3421 virtutes
557 3362 706 3441 ejus,
733 3362 834 3443 qui
870 3362 1028 3443 ipsos
1058 3384 1093 3421 e
1120 3361 1375 3421 tenebris
1406 3361 1467 3421 in
1496 3361 1909 3424 admirandam

176 3443 339 3504 hauc
366 3444 563 3504 lucem
593 3444 843 3517 vocavit,
871 3442 1210 3526 praediceng
1236 3455 1298 3503 et
1340 3465 1459 3503 non
1503 3443 1563 3504 in
1605 3466 1687 3519 se,
1714 3445 1818 3506 sed
1847 3445 1910 3506 in

177 3524 468 3597 Domino,
492 3526 836 3607 glorientur.
919 3527 1223 3608 Scriptura
1251 3525 1574 3607 apostolica
1598 3527 1825 3609 passim
1849 3526 1910 3588 id

178 3617 451 3668 testante.

1645 3732 1680 3746 l
