2418 4172
621 356 1214 445 *AUGUSTANA
1267 360 1520 416 MnxL.
1860 361 1964 422 179

218 503 470 567 eeclesia
514 516 716 566 extare
766 519 1016 588 utraque
1065 505 1352 579 doctrina,
1392 502 1669 565 videlicet
1710 525 1961 587 cvange-

216 586 368 648 lium
425 585 501 647 de
558 587 695 661 fide,
732 588 805 648 ad
862 587 1212 649 enidiendas
1262 599 1325 648 et
1373 584 1763 648 consolandas
1814 607 1958 648 con-

217 668 515 744 scientias,
542 669 721 731 dehet
763 671 942 730 etiam
990 669 1260 811 ρτοΒοηί,
1334 690 1426 729 uae
1472 669 1592 728 sint
1630 689 1766 728 vere
1806 669 1961 730 bona

218 771 418 835 opera,
437 750 542 833 qui
573 752 693 812 sint
720 752 840 811 veri
869 752 1066 812 cultus
1160 750 1213 810 ei
1456 750 1789 825 adversarii,
1818 752 1960 832 quia

218 844 611 916 corrumpunt
638 832 971 894 doctrinam
1002 832 1077 893 de
1108 832 1245 904 fide,
1268 833 1531 915 primum
1557 853 1676 894 non
1710 847 1963 916 possunt

218 915 599 977 conscientiis
642 917 876 975 firmam
922 915 1389 976 consolationem
1442 935 1812 999 proponeret
1859 917 1963 997 ju-

217 998 365 1060 bent
410 998 572 1059 enim
624 997 897 1058 dubitare
942 997 1017 1059 de
1063 998 1409 1059 remissione
1455 1010 1861 1093 peccatorum,
1903 1013 1965 1060 et

215 1090 423 1142 umen
461 1090 670 1163 postea
698 1080 923 1160 jubent
958 1102 1220 1162 quaerere
1250 1081 1661 1142 remissionem
1693 1103 1800 1165 per
1826 1104 1964 1165 pro-

215 1161 347 1307 aa
400 1183 599 1246 opera,
658 1163 952 1245 affingunt
1011 1163 1423 1238 monachatus,
1473 1176 1536 1226 et
1592 1165 1707 1225 alia
1764 1187 1960 1259 opera.

318 1245 456 1307 inde
498 1246 742 1306 abolent
786 1259 848 1306 et
892 1267 1060 1306 veros
1106 1247 1324 1319 cultus,
1366 1268 1510 1307 nam
1560 1247 1860 1309 invocatio
1902 1261 1964 1309 et

217 1338 436 1389 caetera
478 1328 808 1410 spiritualia
850 1329 1132 1389 exercitia
1174 1330 1563 1390 excutiuntur
1597 1331 1811 1391 animis
1840 1353 1961 1391 non

217 1411 587 1471 confirmatis
632 1410 852 1471 fiducia
898 1412 1145 1473 Christi.
1236 1412 1524 1473 Praeterca
1570 1435 1680 1473 nec
1724 1414 1963 1496 placent

215 1488 356 1553 Deo
392 1514 574 1575 opera
602 1493 880 1553 secundae
910 1495 1154 1567 tabulae,
1182 1494 1293 1554 nisi
1327 1495 1475 1555 fides
1504 1495 1767 1568 accedat,
1796 1493 1963 1577 quod

261 1587 462 1657 ropoer
501 1574 810 1635 Christum
909 1577 1097 1636 laceat
1145 1577 1273 1636 hoec
1317 1577 1595 1636 inchoata
1638 1589 1699 1636 et
1741 1578 1824 1637 im
1895 1599 1964 1637 ,r-

215 1596 375 1718 acts
419 1656 778 1717 obedientia.
862 1598 1088 1731 ‘feu-tio,
1132 1658 1455 1718 obscurant
1509 1679 1689 1740 opera
1747 1681 1781 1718 a
1890 1681 1963 1718 eo

215 1737 519 1812 mandata,
546 1750 608 1798 et
653 1739 833 1820 longe
876 1739 1215 1800 anteferunt
1259 1740 1553 1799 humanas
1596 1739 1962 1800 traditiones.

216 1820 358 1883 Has·
391 1831 610 1881 ornant
653 1821 1104 1903 speciosissimis
1138 1821 1366 1892 titulis;
1411 1834 1629 1882 vocant
1658 1845 1756 1883 eas
1787 1845 1966 1883 evan-

215 1903 470 1987 gelicam
529 1903 978 1986 perfectionem.
1065 1904 1316 1966 Interim
1377 1904 1452 1964 de
1515 1904 1727 1965 officiis
1790 1927 1966 1967 voca-

214 1985 415 2060 tionis,
443 1986 813 2067 magistratu,
842 1987 1143 2069 conjugio,
1172 1987 1255 2047 ita
1281 1987 1496 2068 frigide
1524 1987 1875 2063 docuerunt,
1897 1999 1966 2050 ut

217 2067 394 2128 multi
438 2089 646 2149 graves
689 2068 797 2128 viri
843 2069 1268 2142 dubitaverint,
1297 2091 1370 2129 an
1409 2069 1542 2130 haec
1578 2070 1716 2131 vitre
1745 2093 1966 2153 genera

215 2150 522 2232 placerent
563 2149 718 2210 Deo.
807 2151 1023 2232 ltaque
1065 2152 1515 2219 concionatores
1557 2153 1763 2228 nostri,
1799 2155 1964 2214 bono

216 2231 435 2306 studio,
458 2243 781 2314 utrumque
801 2233 1087 2295 doctrinae
1109 2256 1298 2316 genus
1323 2234 1780 2296 illustraverunt.
1823 2237 1965 2296 Pro-

130 2332 139 2341 ·
215 2326 456 2398 ponunt
493 2333 644 2375 evan
688 2316 873 2377 elium
915 2316 992 2376 de
1031 2317 1169 2391 fide,
1197 2328 1259 2377 et
1286 2316 1516 2377 addunt
1545 2318 1710 2400 piam
1741 2318 1965 2380 doctri-

215 2416 356 2459 nam
386 2396 463 2458 de
489 2398 653 2479 operi
704 2417 788 2458 us.

858 2535 1321 2577 —--*-—-

884 2688 1015 2755 DE
1051 2687 1280 2755 FIDE.

219 2782 610 2869 PRIMUM
662 2809 843 2891 igitur
885 2809 962 2871 de
1009 2810 1130 2871 fide
1170 2822 1232 2871 et
1258 2810 1694 2891 justificatione
1732 2811 1817 2869 sic
1851 2809 1963 2871 do-

217 2899 376 2963 cent,
396 2888 675 2951 Christus
703 2904 842 2974 apte
870 2894 1223 2975 complexus
1252 2906 1343 2955 est
1372 2914 1680 2953 summum
1703 2913 1971 2986 evange-2

217 2969 303 3045 lii,
344 2989 495 3033 cum<
528 2972 712 3035 Lucoe
762 2974 998 3048 ultimo,
1032 2976 1213 3055 jubet
1254 2976 1561 3058 praedicari
1605 2975 1666 3035 in
1710 2992 1967 3037 nomme

217 3073 329 3114 suo
354 3054 859 3136 poenitentiam‘et
878 3058 1292 3119 remissionem
1318 3069 1720 3141 peccatorum.
1790 3057 1959 3118 Nam

218 3137 596 3218 evangelium
625 3139 825 3221 arguit
847 3152 1121 3222 peccata,
1143 3154 1205 3202 et
1232 3141 1481 3222 requirit
1517 3138 1960 3223 poenitentiam,

217 3229 279 3277 et
333 3219 514 3279 simul
570 3220 742 3280 offert
794 3223 1205 3284 remissionem
1265 3236 1647 3305 peccatorum
1715 3232 1961 3315 propter

216 3299 548 3375 Christum,
582 3302 783 3382 gratis,
821 3325 942 3365 non
987 3317 1231 3388 propter
1270 3316 1533 3365 nostram
1578 3303 1963 3386 dignitatem.

214 3381 302 3444 Et
328 3383 484 3446 sicut
511 3385 858 3446 universalis
884 3397 975 3446 est
1002 3387 1380 3468 poenitentiae
1402 3385 1762 3468 praedicatio,
1784 3386 1870 3447 ita
1894 3398 1969 3450 et·

214 3465 534 3559 promissio
583 3467 786 3549 gratiae
835 3467 1183 3530 universalis
1225 3480 1335 3543 est,
1365 3481 1427 3530 et
1467 3489 1679 3531 omnes
1719 3468 1969 3532 credere

205 3548 386 3627 jubet
420 3561 484 3612 et
520 3550 787 3633 accipere
829 3551 1190 3613 beneficium
1221 3551 1467 3627 Christi,
1495 3552 1651 3614 sicut
1677 3551 1955 3630 Chn'st'us

215 3629 436 3712 iuquit,
470 3632 694 3695 Venite
730 3634 945 3695 adm
982 3653 1186 3696 omnes
1223 3634 1604 3719 quionerats
1642 3635 1805 3698 estio.
1870 3635 1957 3697 Et
2013 3686 2021 3690 .

1031 3737 1075 3776 N
1107 3729 1143 3778 2
1627 3749 1682 3784 ἰ
