2418 4172
533 280 638 332 184
1159 281 1641 336 CONFESSIO

532 428 567 456 “
586 420 772 501 justae
804 421 1053 483 actionis
1082 423 1341 506 genitrix
1371 424 1517 486 est.”
1586 423 1923 486 Adversarii
1953 423 2138 487 videri
2169 440 2273 486 νο·-

533 503 668 565 lunt
708 505 1027 587 magnifice
1063 527 1272 568 ornare
1309 505 1642 568 doctrinam
1680 508 1971 569 bonorum
2000 530 2040 568 o
2189 528 2271 567 m.

532 585 617 647 Et
658 598 861 648 tamen
905 587 980 649 de
1024 588 1116 649 his
1159 589 1563 672 spiritualibus
1601 590 1899 673 operibus,
1925 590 2001 652 de
2072 589 2169 665 de,
2194 589 2273 650 de

535 670 831 731 exercitiis
856 670 992 731 fidei
1023 671 1085 732 in
1119 672 1511 745 invocatione,
1536 674 1595 733 in
1626 674 1909 735 omnibus
1932 673 2068 735 vitae
2089 694 2275 756 nego-

535 752 654 824 tiis,
684 752 946 813 consiliis
974 755 1359 897 ethericulis,
1390 756 1538 816 nihil
1570 755 1815 816 dicunt:
1861 780 1930 817 ae
1970 778 2047 817 ne
2076 765 2275 849 potest

536 834 781 916 quidem
832 847 988 897 recte
1081 836 1155 898 ici
1199 836 1273 898 dc
1318 837 1411 898 his
1454 839 1767 912 exercitiis,
1804 839 1850 899 si
1895 837 2277 900 conscicntiae

537 918 949 999 relinquantur
975 919 1035 978 in
1065 919 1457 993 dubitatione,
1478 921 1527 981 si
1556 922 1825 982 nesciant
1852 924 2051 982 Deum
2081 920 2279 1002 requi-

540 1022 667 1061 rere
696 1000 895 1073 fidem,
918 1012 1207 1081 tanquam
1239 1003 1608 1085 praecipuum
1634 1004 1863 1064 cultum
1885 1030 1901 1074 3
1946 1016 2007 1064 et
2027 1025 2166 1065 eum
2189 1001 2279 1063 of-

540 1082 810 1143 funditur
838 1082 1026 1142 oculis
1057 1083 1157 1143 illa
1187 1083 1398 1165 ingens
1441 1085 1668 1167 species
1708 1097 2091 1146 externorum
2136 1106 2281 1168 ope-

542 1187 696 1240 rum,
717 1178 965 1239 mentes,
986 1165 1314 1246 proesertim
1340 1188 1460 1226 non
1485 1165 1625 1226 satis
1650 1166 2283 1241 institutae,abducunr-

540 1258 639 1307 tur
658 1252 697 1307 a'
714 1260 1041 1328 conspectu
1067 1247 1281 1308 horum
1304 1247 1722 1308 exercitiorum
1746 1249 2113 1309 interiorum.
2151 1244 2283 1310 Ne-

540 1351 704 1389 cesse
731 1341 822 1389 est
850 1340 1052 1389 autem
1083 1329 1143 1389 in
1176 1329 1426 1390 ecclesia
1453 1329 1528 1390 de
1564 1329 1657 1390 his
1686 1330 2063 1391 interioribus
2090 1330 2285 1414 operi·

543 1412 673 1486 bus,
695 1423 757 1472 et
783 1411 1077 1472 fructibus
1100 1411 1360 1494 spiritus,
1379 1412 1579 1474 doceri
1603 1412 1895 1474 homines.
1964 1412 2130 1474 Nam
2155 1412 2284 1475 hoee

541 1516 723 1577 opera
744 1493 1064 1556 discrimen
1095 1494 1325 1556 faciunt
1345 1495 1499 1556 inter
1519 1495 1650 1578 pios
1668 1507 1728 1556 et
1752 1496 2113 1580 hypocritas.
2155 1494 2284 1557 Ex-

543 1588 743 1638 ternos
788 1578 1004 1651 cultus,
1046 1588 1318 1639 externas
1359 1578 1744 1652 ceremonias,
1786 1591 1847 1639 et
1885 1578 2001 1640 alia
2037 1589 2286 1640 externa

542 1682 723 1742 opera
752 1672 1027 1742 praestare
1053 1659 1239 1720 etiam
1270 1661 1600 1743 hypocritae
1629 1673 1897 1742 possunt.
1969 1663 2055 1723 At
2071 1660 2135 1721 bi
2156 1660 2285 1722 cul-

545 1753 641 1803 tus
668 1754 904 1803 tantum
950 1753 1093 1803 sunt
1132 1764 1284 1803 verae
1326 1743 1611 1818 ecclesiae,
1639 1764 1774 1804 vera
1804 1743 2179 1826 poenitentia,
2206 1745 2285 1805 ti-

544 1847 696 1900 mor,
739 1824 905 1899 fides,
936 1825 1248 1900 invocatio,
1282 1827 1391 1886 &c.
1480 1825 1568 1885 Hi
1612 1826 1808 1886 cultus
1851 1826 2152 1910 praecipue
2193 1848 2285 1887 re·

544 1908 867 1989 quiruntur
894 1919 956 1968 et
984 1906 1303 1968 laudantur
1328 1908 1389 1967 in
1421 1908 1547 1968 Scri
1597 1908 1763 1979 turis,
1784 1920 1851 1969 ut
1877 1909 2119 1971 Psalmo
2137 1908 2285 1970 xlix.

549 1990 802 2052 Immola
832 1990 970 2050 Deo
1007 1988 1376 2073 sacraficium
1420 1929 1621 2050 laudis
1638 2017 1659 2060 ‚-
1707 1990 1914 2051 invoca
1954 2012 2053 2052 me
2085 1991 2153 2052 in
2189 1990 2290 2052 die

545 2072 971 2146 tribulationi&
1002 2075 1112 2133 διο.
2267 2110 2283 2122 .

626 2156 851 2229 Terti0,
883 2154 963 2215 Et
995 2155 1107 2216 hac
1135 2154 1274 2228 fide,
1303 2178 1436 2236 quae
1466 2158 1809 2217 consolatur
1840 2156 2018 2219 corda
2054 2156 2115 2218 in
2156 2177 2290 2239 poe·

549 2239 819 2310 nitentia,
850 2237 1179 2321 accipimus
1210 2239 1499 2322 Spiritum
1533 2239 1844 2314 Sanctum,
1873 2240 1976 2333 qui
2006 2239 2200 2312 datur,
2221 2248 2291 2299 ut

549 2323 842 2403 gubernet
870 2333 932 2382 et
960 2321 1199 2400 adjuvet
1229 2343 1356 2395 nos,
1384 2334 1451 2382 ut
1479 2334 1726 2404 peccato
1748 2334 1810 2382 et
1831 2322 2094 2383 Diabolo
2115 2321 2289 2382 resis-

548 2416 767 2477 tamus,
797 2416 858 2464 et
890 2404 1079 2485 magis
1110 2403 1420 2485 magisque
1448 2426 1840 2486 agnoscamus
1874 2404 2286 2465 infirmitatem

547 2498 833 2560 nostram,
874 2498 935 2546 ct
985 2487 1044 2546 in
1097 2485 1269 2546 nobis
1318 2499 1588 2547 crescant
1638 2509 1669 2546 a
1759 2487 1865 2547 itio
1906 2487 2045 2561 Dei,
2087 2487 2288 2562 timor,

550 2568 716 2630 fides.
801 2570 1001 2638 Quare
1038 2567 1218 2629 debet
1247 2569 1306 2629 in
1336 2569 1508 2629 nobis
1537 2509 1878 2630 obesfiii‘ntia
1915 2592 2055 2653 erga
2081 2569 2288 2631 Deum

550 2662 612 2712 et
661 2672 813 2712 nova
858 2651 980 2712 vita
1022 2673 1300 2724 crescere,
1332 2651 1487 2712 sicut
1529 2653 1747 2713 Paulus
1789 2652 1984 2727 docet,
2010 2652 2293 2715 renovari

550 2756 659 2795 nos
687 2734 902 2795 debere
927 2734 1013 2795 ad
1036 2735 1408 2819 agnitionem
1440 2735 1584 2809 Dei,
1602 2743 1672 2796 ut
1702 2734 2007 2820 efficiatur
2032 2737 2097 2798 in
2123 2734 2293 2797 nobis

551 2839 703 2879 nova
733 2816 842 2878 lux
868 2825 929 2878 et
956 2818 1160 2902 imago
1187 2816 1318 2901 ᾔτεε
1344 2818 1451 2912 qui
1478 2818 1744 2879 condidit
1773 2841 1899 2894 nm,
1928 2821 2040 2881 διο.

634 2902 886 2975 QuartO,
935 2899 1244 2962 Doccmus
1299 2914 1480 2962 etiam
1538 2901 1782 2982 quando
1830 2902 1964 2963 haec
2012 2900 2293 2963 inchoata

550 2982 892 3045 obedientia
921 2983 1152 3067 placeat
1172 2983 1326 3045 Deo.
1413 2983 1574 3044 Nam
1608 2985 1667 3044 in
1702 2985 1814 3045 hac
1843 2995 2009 3046 tanta
2037 2982 2293 3045 infirmi-

552 3077 674 3127 tate
715 3077 779 3128 et
820 3065 1203 3128 immunditie
1245 3077 1488 3140 naturae,
1523 3066 1709 3128 sancti
1755 3090 1876 3128 non
1920 3066 2295 3129 satisfaciunt

553 3149 691 3232 legi,
718 3172 756 3210 o
801 3170 871 3210 us
898 3148 1083 3233 igitur
1108 3160 1201 3211 est
1227 3149 1342 3233 piis
1370 3148 1796 3223 consolatione,
1825 3162 1892 3211 ut
1919 3150 2110 3212 sciant
2142 3169 2293 3231 quo-

555 3232 735 3293 modo
758 3171 893 3294 lime
915 3232 1135 3315 exigua
1163 3244 1224 3294 et
1254 3231 1603 3315 imperfecta
1629 3232 1978 3295 obedientia⁴
1995 3232 2135 3294 Deo
2165 3230 2293 3314 pla-

554 3326 703 3376 ccat.
785 3314 931 3376 Non
972 3315 1136 3377 enim
1183 3314 1318 3376 ideo
1359 3315 1577 3398 placet,
1609 3316 1750 3397 quia
1793 3315 1909 3399 legi
1953 3311 2293 3387 satisfaciat,

554 3397 655 3458 scd
687 3397 830 3478 quia
858 3420 1127 3482 personae
1156 3397 1550 3459 reconciliata.»
1577 3410 1639 3458 ct
1655 3397 1840 3477 justae
1877 3406 2019 3458 sunt
2094 3405 2294 3478 ropter

556 3479 886 3551 Christum,
914 3492 976 3542 et
1017 3480 1271 3542 credunt
1311 3480 1422 3542 sibi
1464 3479 1784 3542 condonari
1815 3477 2032 3540 imbeci
2080 3476 2288 3539 itatem

554 3581 744 3622 suam.
828 3563 931 3624 Sic
972 3563 1191 3625 Paulus
1231 3562 1427 3636 docet,
1456 3561 1656 3624 Nulla
1694 3582 1855 3623 nunc
1889 3569 1980 3622 ese
2018 3559 2293 3623 condens-
