2418 4172
0 1151 7 1201 vv*
0 849 9 1133 ·—·-VWv<-
0 748 3 756 -

786 414 1261 469 SAXONICA.
1789 411 1896 469 266

151 558 344 623 tiones
386 555 666 620 adversus
702 556 911 621 Deum
956 558 1020 620 in
1062 555 1279 639 poenis.
1361 552 1648 646 Denique
1689 565 1898 637 stupor

149 651 215 703 et
253 640 483 703 insania
525 651 634 714 est,
676 640 837 702 nolle
879 639 1049 702 fateri
1086 640 1364 700 timorem
1410 647 1473 698 et
1513 634 1895 697 dilectionem

148 721 271 786 Dei
332 724 527 786 multo
583 723 949 805 frigidiorem
1009 742 1158 792 esse,
1200 741 1382 799 quam
1437 739 1567 780 esse
1622 716 1897 780 debebat.

151 805 273 869 ΗΒ
318 806 717 869 confessiones
767 805 1034 886 repetitae
1081 813 1221 863 sunt
1263 801 1325 862 in
1412 800 1800 883 rophetarum
1839 814 1900 862 et

151 888 558 984 apostoiorum
607 886 1017 948 concionibus.
1104 884 1256 944 Psal.
1287 822 1472 944 cxiiii.
1515 882 1661 944 Non
1710 885 1903 944 intres

149 972 214 1069 {n
227 970 541 1055 Judtci‘um
585 990 719 1030 cum
759 990 932 1031 servo
976 977 1098 1040 tuo,
1127 967 1273 1050 quia
1310 964 1903 1060 nonjustg‘ficabitur

110 1126 115 1130 ,
148 1074 216 1116 m
257 1060 575 1135 conspectu
619 1062 724 1113 tuo
766 1052 963 1114 omnis
1003 1052 1225 1113 vivens.
1310 1049 1394 1111 Et
1434 1071 1498 1111 in
1545 1062 1568 1110 l
1605 1050 1830 1111 Johan.
1860 1051 1900 1110 i.

150 1134 225 1200 Si
260 1136 518 1198 dicimus
554 1135 717 1218 quod
744 1143 1063 1216 peccatum
1089 1156 1207 1195 non.
1237 1133 1579 1208 habeamus,
1607 1155 1716 1194 nos
1742 1134 1903 1215 ipsos

341 1219 356 1234 ⁶
414 1240 508 1293 us,
538 1228 598 1281 et
638 1220 868 1280 veritas
908 1240 1026 1279 non
1065 1225 1155 1289 est
1190 1218 1253 1277 in
1292 1217 1478 1277 nobis.
1565 1215 1726 1278 Haee
1753 1239 1903 1279 con·

150 1301 332 1365 fessio
359 1302 691 1363 necessaria
721 1313 830 1372 est,
860 1314 923 1362 et
951 1300 1286 1382 arrogantia
1312 1298 1590 1360 taxanda.
1676 1299 1904 1384 Repre-

152 1383 505 1447 hendendus
547 1384 728 1445 etiam
770 1406 931 1445 error
971 1382 1460 1456 adversariorum,
1494 1383 1600 1464 qui
1642 1385 1901 1464 fingunt,

153 1466 429 1529 homines
486 1467 548 1528 in
604 1467 717 1528 bac
765 1467 889 1527 vita
941 1466 1177 1528 mortali
1231 1466 1346 1547 legi
1398 1465 1518 1527 Dei
1565 1466 1903 1528 satisfacere

151 1572 344 1634 pom
430 1549 611 1622 Item,
659 1549 763 1629 qui
821 1549 1051 1621 dicunt,
1111 1549 1340 1609 malum
1398 1549 1902 1632 concupiscentiae

151 1631 469 1694 nobiscum
513 1652 763 1692 nascens
806 1653 927 1691 non
973 1653 1102 1691 esse
1144 1643 1484 1712 peccatum,
1514 1654 1627 1691 nec
1671 1631 1898 1692 malum

150 1734 428 1797 pugnans
474 1735 616 1774 cum
667 1714 797 1793 lege
839 1713 984 1782 Dei,
1033 1734 1136 1772 seu
1182 1713 1491 1773 voluntate
1539 1712 1678 1773 Dei.
1767 1713 1902 1774 Hos

149 1817 375 1857 errores
429 1795 744 1856 manifeste
796 1794 1015 1855 refutat
1062 1794 1300 1867 Paulus,
1362 1794 1544 1867 Rom.
1585 1795 1688 1855 vii.
1737 1807 1800 1856 et
1847 1817 1903 1857 v.

152 1878 367 1940 Postea
394 1878 576 1939 etiam
610 1876 939 1938 consolatio
969 1876 1243 1937 addenda
1272 1887 1382 1937 est.

234 1961 507 2023 Primum
565 1972 789 2021 statuat
837 1972 1098 2034 renatus,
1150 1982 1212 2020 se
1263 1959 1714 2021 reconciliatum
1773 1983 1904 2022 esse

152 2042 311 2115 Deo,
344 2044 471 2105 sola
513 2042 651 2115 fide,
691 2042 751 2103 id
795 2054 906 2117 est,
933 2042 1157 2104 fiducia
1199 2042 1576 2116 Mediatori8‚
1604 2055 1666 2104 et
1709 2066 1902 2138 quan-

152 2147 338 2208 quam
367 2126 497 2206 jam
538 2125 815 2186 habitant
853 2125 914 2185 in
943 2148 1016 2186 eo
1046 2126 1221 2186 Pater
1247 2138 1310 2186 et
1338 2125 1527 2187 Filius
1556 2137 1619 2186 et
1646 2126 1903 2209 Spiritus

153 2208 430 2283 Sanctus,
446 2208 628 2287 juxta
669 2206 840 2281 illud,
875 2207 1201 2269 Veniemus
1243 2208 1329 2268 ad
1367 2230 1521 2282 eum,
1549 2217 1609 2269 et
1647 2211 1905 2271 mansio-

151 2313 289 2354 nem
331 2291 501 2374 apud
540 2313 675 2353 eum
693 2290 1035 2374 jaciemus,
1065 2302 1269 2351 tamen
1312 2302 1555 2365 statuat,
1584 2313 1903 2374 personam

142 2374 372 2455 justam
413 2374 672 2457 reputari
714 2386 957 2456 propter
989 2373 1212 2434 Filium
1243 2373 1365 2434 Dei
1402 2373 1814 2450 mediatorem,
1841 2387 1904 2436 et

150 2457 619 2540 deprecatorem,
663 2457 847 2538 gratis
896 2470 1142 2540 propter
1190 2457 1378 2540 ipsius
1428 2458 1734 2519 meritum.
1817 2457 1905 2519 Et

152 2550 358 2605 manet
384 2540 662 2603 Christus
683 2540 856 2601 Deus
885 2551 948 2600 et
978 2539 1163 2600 bomo
1192 2550 1401 2622 postea
1427 2562 1671 2621 quoque
1694 2541 1903 2623 Propi-

20 2611 52 2651 ”
151 2623 332 2685 tiator
370 2635 435 2685 et
472 2645 747 2684 summus
775 2622 1084 2697 Sacerdos,
1114 2622 1347 2683 assidue
1353 2645 1486 2766 ¹pro
1515 2623 1689 2684 nobis
1722 2624 1907 2684 inter-

152 2705 400 2789 pellans.
469 2705 769 2779 Secundo,
797 2707 1158 2767 confiteatur
1185 2728 1324 2766 vero
1395 2706 1576 2781 olore,
1606 2706 1805 2767 adhuc
1837 2707 1902 2767 in

153 2798 362 2849 renato
402 2789 595 2849 multa
631 2801 879 2881 peccata
906 2801 968 2850 et
997 2811 1245 2872 magnas
1276 2789 1476 2849 sordes
1512 2812 1659 2859 esse,
1689 2789 1902 2870 dignas

156 2869 242 2931 ira
266 2868 408 2931 Dei.
489 2870 714 2945 Tertio,
740 2882 945 2933 tamen
974 2872 1124 2934 sciat
1149 2883 1424 2954 oportere
1453 2871 1719 2932 inchoari
1761 2872 1905 2932 obe-

154 2950 444 3014 dientiam
487 2964 551 3014 et
580 2953 883 3033 justitiam
929 2954 1100 3017 bonoe
1142 2954 1563 3016 conscientiae:
1615 2965 1676 3014 et
1724 2953 1902 3028 hanc,

155 3055 500 3116 quanquam
543 3035 750 3117 procul
793 3037 963 3126 abest
1005 3061 1041 3099 a
1080 3038 1448 3120 perfectione
1490 3036 1656 3117 legis,
1695 3047 1902 3098 tamen

155 3117 218 3178 in
247 3116 640 3179 reconciliatis
667 3118 903 3200 placere
928 3118 1085 3195 Deo,
1106 3132 1352 3202 propter
1373 3119 1776 3181 Mediatorem
1797 3118 1903 3180 de-

155 3210 500 3294 precantem
525 3222 634 3282 pro
655 3202 850 3275 nobis,
869 3213 930 3262 et
958 3225 1068 3264 suo
1098 3203 1312 3263 merito
1341 3213 1644 3284 tegentem
1670 3213 1901 3263 nostras

157 3294 429 3365 ingentes
486 3293 548 3343 et
604 3282 1069 3345 innumerabiles
1125 3285 1412 3346 miserias.
1506 3285 1602 3344 Ita
1656 3295 1911 3367 propter

24 3367 50 3391 ’”
155 3386 297 3427 eum
328 3376 391 3426 et
418 3386 671 3448 persona
697 3366 999 3448 recipitur,
1020 3378 1084 3428 et
1110 3378 1317 3449 postea
1344 3367 1586 3449 placent
1612 3387 1813 3448 opera,
1839 3378 1903 3429 et

155 3446 218 3509 in
249 3458 503 3529 utroque
530 3446 680 3508 fides
708 3448 886 3509 lueet.
956 3448 1106 3509 Ideo
1135 3450 1342 3509 Petrus
1372 3448 1609 3592 in3uitz
1659 3446 1907 3596 0525

157 3529 385 3594 liutius
418 3530 791 3613 spirituales,
822 3539 1104 3612 acceptas
1130 3531 1270 3592 Deo
1298 3551 1416 3612 per
1493 3552 1659 3594 esum

160 3619 308 3676 tun.
394 3614 551 3676 Haec
594 3614 924 3676 consolatio
965 3614 1270 3698 proposita
1311 3626 1405 3676 est
1445 3615 1508 3676 in
1551 3615 1751 3699 capite
1774 3616 1913 3678 viii.-

1648 3749 1667 3756 α

1671 3769 1705 3784 s
