2418 4172
644 315 1206 371 AUGUSTANA
1256 313 1511 368 MDXL.
1845 316 1951 370 205

209 470 489 544 gerantur
535 480 626 519 res
678 458 740 518 in
783 458 1050 532 ecclesia,
1091 458 1245 519 sicut
1290 455 1560 540 praecipit
1603 455 1839 529 Paulus,
1884 470 1951 519 ut

208 540 413 604 omnis
455 542 602 601 fiant
646 540 873 615 ordine,
901 554 962 601 et
1007 541 1088 601 ita
1126 553 1195 601 ut
1230 540 1498 600 deceant.
1583 536 1730 597 Ideo
1764 550 1826 598 et
1854 561 1953 599 ec-

207 622 388 686 clesia
430 622 614 684 habet
656 623 1022 696 traditiones,
1068 623 1183 683 hoc
1232 633 1323 681 est
1368 619 1680 681 constituit
1729 620 1951 700 quibus

204 706 600 788 temporibus,
663 705 767 765 ubi
833 705 1150 764 convenire
1214 702 1474 784 populus
1536 701 1769 762 debeat.
1852 703 1951 763 Ad

206 786 374 850 hunc
409 788 645 849 civilem
688 788 870 847 finem
915 787 1055 845 licet
1092 785 1346 845 condere
1379 783 1746 845 traditiones.
1832 784 1951 846 Sed

207 869 484 932 homines
514 869 774 952 imperiti
804 868 1092 929 doctrinae
1114 867 1494 941 Christianae,
1516 889 1636 927 non
1668 877 1809 927 sunt
1837 868 1957 929 hoc

207 953 330 1015 fine
366 952 656 1024 contenti,
686 951 789 1013 sed
829 950 1123 1033 affingunt
1161 949 1600 1032 superstitiosas
1639 950 1955 1032 opiniones

206 1034 648 1108 traditionibus,
673 1056 891 1116 easque
933 1056 1040 1117 per
1081 1033 1561 1115 superstitionem
1606 1032 1734 1093 sine
1773 1032 1955 1093 modo

209 1118 540 1181 mmulant.
625 1116 697 1179 ld
738 1117 931 1199 questi
963 1131 1103 1177 sunt
1133 1115 1416 1176 accidisse
1446 1116 1507 1175 in
1537 1115 1804 1190 ecclesia,
1833 1137 1953 1176 non

209 1211 446 1263 tantum
486 1200 862 1273 recentiores,
890 1199 1123 1260 Gerson
1163 1209 1225 1258 et
1261 1198 1358 1258 alii
1396 1197 1662 1278 quidam,
1691 1197 1792 1259 sed
1827 1199 1956 1260 Au-

211 1283 485 1366 gustinus
513 1282 716 1343 etiam.

296 1365 498 1435 Quare
540 1387 779 1426 necesse
821 1376 912 1424 est
953 1365 1247 1447 populum
1301 1363 1640 1438 admonere,
1682 1364 1827 1444 quid
1878 1364 1957 1426 de

137 1511 144 1517 ,
213 1446 652 1520 traditionibus,
681 1469 816 1528 quoe
853 1447 1117 1507 humana
1156 1447 1471 1507 autoritate
1512 1446 1771 1507 conditae
1814 1463 1958 1509 sunt

214 1528 276 1591 in
304 1530 575 1602 ecclesia,
593 1529 969 1590 sentiendum
996 1530 1092 1588 sit.
1156 1529 1375 1608 Neque
1397 1529 1559 1589 enim
1583 1529 1736 1589 nihil
1760 1551 1956 1590 causae

212 1622 323 1685 est,
362 1632 470 1672 cur
506 1611 783 1672 Christus
829 1624 889 1671 et
928 1611 1145 1670 Paulus
1189 1610 1367 1669 toties
1412 1610 1488 1669 de
1536 1611 1957 1670 traditionibus

212 1691 662 1763 concionentur,
689 1704 751 1751 et
777 1690 1092 1752 ecclesiam
1124 1690 1508 1765 admoneant,
1538 1703 1604 1751 ut
1633 1692 1959 1773 prudenter

210 1772 289 1836 de
315 1772 736 1857 traditionibus
757 1772 1008 1852 judicet.
1747 1803 1749 1805 -

216 1902 227 1909 -
294 1856 440 1919 Fuit
481 1869 680 1918 autem
726 1856 1029 1939 persuasio
1072 1856 1315 1937 publica
1370 1878 1491 1915 non
1546 1855 1726 1916 modo
1773 1857 1958 1939 vulgi,

212 1938 316 2001 sed
365 1939 545 2001 etiam
598 1938 946 1999 docentium
992 1938 1052 1998 in
1096 1938 1382 2012 ecclesiia,
1408 1938 1755 1999 discrimina
1796 1939 1960 2000 cibo-

212 2028 448 2083 rum'et
490 2021 711 2082 similia
748 2043 947 2103 opera,
973 2021 1048 2081 de
1078 2020 1298 2101 quibus
1332 2021 1751 2083 ecclesiasticas
1778 2021 1961 2082 tradi-

213 2105 407 2165 tiones
449 2104 823 2187 praecipiunt,
865 2104 1061 2164 cultus
1111 2125 1239 2163 esse
1287 2103 1429 2177 Dei,
1473 2105 1575 2183 qui
1622 2118 1961 2167 mereantur

215 2187 627 2249 remissionem
670 2199 1075 2279 peccatorum.
1160 2186 1340 2260 Item,
1382 2186 1531 2246 tales
1582 2187 1781 2248 cultus
1830 2210 1960 2248 esse

215 2268 503 2348 justitiam
549 2269 976 2343 Christianam,
1009 2279 1071 2328 et
1114 2267 1470 2329 necessarios
1513 2291 1661 2343 esse,
1699 2270 1855 2331 sicut
1897 2270 1957 2331 in

212 2352 417 2413 Veteri
459 2352 849 2412 Testamento
886 2350 1173 2411 Leviticae
1217 2354 1569 2412 ceremoniae
1614 2352 1960 2414 necessariae

212 2435 472 2508 fuerunt,
501 2456 613 2495 nec
656 2456 831 2516 posse
870 2434 997 2493 sine
1039 2444 1287 2516 peccato
1324 2434 1543 2507 omitti,
1570 2435 1752 2495 etiam
1793 2445 1961 2495 extra
2020 2436 2038 2447 ‘

213 2517 476 2579 scandali
528 2539 755 2578 casum.
842 2517 960 2577 Hae
1012 2516 1423 2599 persuasiones
1476 2517 1665 2577 multa
1713 2539 1962 2600 pepere-

214 2611 357 2661 runt
383 2599 782 2661 incommoda.

219 2737 224 2741 .
299 2682 566 2743 Primum
611 2683 927 2744 obscurata
965 2695 1055 2743 est
1083 2683 1372 2764 evangelii
1405 2683 1646 2765 propria
1673 2683 1962 2758 doctrina,

262 2786 353 2825 uae
389 2763 566 2826 docet
606 2766 788 2846 gratis
828 2765 1051 2825 remitti
1082 2778 1329 2847 peccata
1357 2779 1601 2848 propter
1629 2766 1962 2826 Christum.

217 2785 363 2907 {loc
404 2847 762 2907 beneficium
808 2846 1034 2908 Christi
1076 2849 1431 2909 translatum
1476 2859 1567 2908 est
1609 2848 1668 2907 in
1710 2849 1812 2907 illa
1850 2848 1962 2908 hu-

218 2950 399 2991 mana
435 2951 647 3012 opera:
693 2952 762 2990 ac
799 2943 1041 3012 propter
1079 2930 1237 2991 hanc
1275 2930 1619 3024 opinionem
1662 2925 1963 3013 praecipue

219 3022 409 3073 auctae
459 3022 601 3072 sunt
650 3012 1016 3084 traditiones,
1059 3013 1202 3093 quia
1243 3013 1742 3074 existimabantur
1781 3033 1962 3095 opera

220 3094 319 3155 illa
371 3093 583 3155 mereri
628 3091 1038 3155 remissionem
1084 3107 1490 3178 peccatorum,
1523 3117 1651 3155 esse
1698 3094 1965 3156 satisfac-

219 3177 430 3250 tiones,
465 3198 593 3236 esse
625 3175 862 3255 justitia
902 3177 1263 3238 Christiana.
1349 3179 1533 3238 Porro
1577 3177 1842 3237 maxime
1882 3179 1974 3239 ob.

220 3259 377 3319 banc
419 3280 683 3331 causam,
710 3270 837 3319 tam
880 3260 1106 3333 crebre,
1134 3273 1258 3320 tam
1302 3282 1501 3320 severe
1539 3259 1827 3321 admonet
1854 3281 1963 3322 nos

219 3342 441 3403 Paulus
497 3341 573 3401 de
630 3340 1047 3401 traditionibus
1104 3341 1401 3414 cavendis,
1458 3364 1534 3401 ne
1603 3341 1960 3404 beneficium

219 3423 447 3485 Christi
478 3423 892 3484 transferretur
921 3423 981 3482 in
1012 3422 1377 3497 traditiones,
1405 3446 1481 3483 ne
1520 3423 1707 3506 gloria
1735 3423 1962 3487 Christi

218 3507 652 3579 obscuraretur,
704 3528 779 3566 ne
836 3505 1214 3566 conscientiis
1270 3506 1639 3588 eriperentur
1685 3527 1850 3570 ,νει-ε
1902 3502 1966 3572 et'

220 3590 411 3652 firmae
436 3588 914 3657 consolationcs;
952 3587 1213 3668 denique
1240 3610 1319 3650 ne
1347 3587 1516 3662 tides,
1546 3588 1664 3651 hoc
1689 3590 1967 3656 eatfidm.

1647 3771 1680 3784 l
