2418 4172
493 284 601 337 208
1122 284 1610 343 CONFESSIO

483 435 672 509 parte
718 426 840 489 diei
864 427 1051 513 sesti.
1140 431 1322 492 Vetat
1359 429 1618 510 judicari
1661 429 2077 505 conscientias,
2121 421 2245 492 hoe·

490 521 602 585 est,
642 511 1029 573 condemnari
1074 512 1467 575 conscientias
1511 513 1572 573 in
1619 534 1726 573 usu
1773 511 1982 573 talium
2019 529 2242 588 rerum,

490 593 593 655 sed
637 616 876 677 prorsus
911 596 1040 657 vult
1081 596 1425 739 haberiJJro
1452 596 1632 656 rebus
1663 594 2149 671 indifferentibus,
2176 609 2242 657 et-

487 694 626 819 311oe
694 699 816 738 non
885 679 1190 760 pertinent
1254 702 1286 739 a
1382 678 1682 758 justitiam
1748 678 2061 759 evangelii.
2153 678 2238 739 Et

531 758 707 820 einde
736 760 916 842 longa
944 773 1005 822 et
1034 762 1227 844 gravis
1257 762 1468 823 concio
1496 776 1605 836 est,
1632 773 1693 821 et
1727 760 1803 821 de
1832 760 2119 821 Mosaicis
2157 760 2239 821 ri-

485 840 667 916 tibus,
708 854 772 903 et
811 843 888 905 de
929 845 1283 907 ceremoniis
1327 844 1614 905 institutis
1659 844 1923 904 humana
1973 843 2241 904 authori-

486 934 630 986 tate.
713 925 1016 1007 Loquitur
1041 929 1205 988 enim
1238 926 1457 988 Paulus
1484 926 1561 987 de
1593 939 1845 1007 utroque
1875 948 2092 1007 genere
2126 947 2241 986 no·

488 1006 787 1068 minatim.
874 1008 1079 1101 Negat
1121 1031 1256 1070 eam
1299 1031 1428 1070 esse
1459 1009 1759 1088 justitiam
1806 1008 2237 1082 Christianam,

485 1099 548 1149 et
589 1100 751 1150 vetat
799 1091 1194 1152 conscientias
1240 1112 1484 1151 onerare
1532 1092 1754 1151 talibus
1796 1090 2236 1152 traditionibus.

486 1171 560 1232 Si
600 1172 829 1233 mortui
870 1173 1015 1233 estis
1057 1194 1192 1234 cum
1243 1172 1487 1233 Christo
1529 1173 1607 1234 ab
1649 1172 1959 1234 elementis
2004 1173 2237 1247 mundi,

567 1273 694 1327 are,
724 1262 1016 1337 tanquam
1034 1257 1304 1317 viventes
1330 1256 1397 1315 in
1424 1255 1666 1327 mundo,
1695 1255 1936 1316 decreta
1939 1253 2176 1337 facitis
2198 1257 2240 1316 ‚⁹

554 1357 587 1396 e
615 1337 912 1421 attingas,
941 1359 1017 1399 ne
1039 1346 1273 1422 gua-tec,
1300 1359 1379 1398 ne
1406 1345 1754 1399 contrectes.

569 1419 750 1481 Matt.
781 1442 879 1483 xv.
930 1422 1125 1483 Omne
1162 1421 1322 1503 quod
1354 1421 1551 1482 intrat
1593 1422 1656 1481 in
1696 1442 1780 1494 os,
1807 1441 1926 1481 non
1969 1420 2239 1503 coinqui-

484 1511 594 1565 nat
621 1503 916 1565 hominem
942 1532 963 1575 ,-
1009 1517 1071 1565 et
1100 1504 1345 1586 quidem
1379 1504 1463 1565 ibi
1493 1516 1739 1564 excusat
1775 1503 2076 1585 apostolos
2109 1504 2238 1563 vio-

483 1585 674 1647 lantes
703 1587 985 1648 usitatam
1018 1587 1423 1662 traditionem,
1442 1598 1501 1647 et
1533 1586 1698 1647 addit
1720 1585 2079 1647 sententiam
2106 1607 2239 1647 me-

484 1670 861 1743 morabilem,
890 1670 1153 1731 Frustra
1194 1669 1397 1731 colunt
1434 1690 1530 1730 me
1569 1669 1877 1730 mandatis
1912 1668 2233 1729 hominum.

481 1749 690 1834 Negat
717 1774 845 1812 esse
872 1774 1041 1813 veros
1071 1765 1132 1813 et
1164 1753 1339 1813 utiles
1369 1753 1568 1813 cultus
1597 1751 1669 1811 ad
1690 1750 1992 1831 justitiam
2031 1771 2232 1812 coram

483 1832 642 1908 Deo,
681 1856 869 1916 quare
912 1857 1032 1896 non
1079 1845 1219 1904 sunt
1250 1835 1490 1915 justitia
1531 1833 1893 1904 Christiana,
1936 1854 2049 1894 nec
2094 1845 2236 1894 sunt

483 1918 795 1980 necessarii
837 1918 1056 1979 cultus.
1141 1918 1332 1998 Atqui
1374 1927 1611 1978 constat
1642 1917 1700 1976 in
1741 1915 1993 1976 eeclesia
2023 1915 2237 1977 buma-

482 2011 592 2060 nos
649 2000 847 2061 cultus
907 2001 1129 2061 mirum
1191 2000 1254 2060 in
1312 1998 1563 2059 modum
1623 1998 1914 2059 hactenus
1962 1997 2240 2059 crevisse:

482 2082 770 2162 Quotidie
807 2083 1203 2143 cumulabant
1241 2081 1519 2143 monachi
1561 2079 1949 2154 ceremonias,
1976 2079 2145 2140 novis
2173 2091 2236 2142 et

481 2165 1004 2247 superstitionibus
1034 2176 1095 2226 et
1125 2164 1415 2247 aucupiis.
1498 2163 1583 2224 Et
1614 2163 1707 2224 hae
1735 2185 1912 2245 nugae
1941 2163 2237 2246 putaban-

480 2258 580 2307 tur
620 2270 749 2309 esse
791 2248 1075 2332 praecipui
1116 2248 1314 2310 cultus
1342 2247 1483 2322 Dei,
1511 2246 1813 2330 praecipua
1854 2245 2063 2327 pietas,
2090 2267 2232 2306 eum

481 2330 758 2393 Christus
799 2343 924 2392 tam
964 2331 1124 2414 gravi
1164 2331 1407 2391 oraculo
1444 2340 1604 2390 vetet
1645 2329 1939 2389 humanas
1968 2348 2245 2393 ceremo-.

482 2412 609 2472 nias
643 2413 845 2474 haberi
877 2435 985 2495 pro
1014 2414 1293 2474 cultibus.
1383 2412 1528 2472 Non
1567 2411 1729 2472 enim
1771 2410 2051 2492 probibet
2087 2431 2234 2470 con-

480 2494 620 2556 dere
650 2495 1000 2556 traditiones
1031 2494 1104 2556 ad
1135 2497 1321 2556 finem
1429 2493 1683 2566 liticum,
1710 2492 1825 2553 boc
1854 2503 1964 2566 est,
1990 2504 2234 2576 propter

482 2577 707 2639 bonum
769 2578 1064 2650 ordinem,
1107 2577 1210 2638 sed
1270 2588 1468 2637 cutus
1517 2598 1646 2637 esse
1697 2587 1895 2657 negat,
1937 2595 2078 2636 cum
2130 2576 2233 2649 ait,

481 2659 748 2722 Frustra
791 2660 997 2722 colunt
1039 2681 1150 2721 me.
1213 2658 1324 2719 -Et
1370 2658 1547 2720 docet
1590 2679 1760 2718 veros
1806 2657 2005 2718 cultus
2049 2679 2234 2740 opera

478 2742 765 2804 divinitus
823 2755 1144 2827 proecepta,
1202 2742 1520 2816 Timorem,
1548 2739 1777 2823 fidem,
1832 2739 2232 2812 dilectionem,

469 2826 864 2908 patientiam,
894 2826 1256 2900 castitatem,
1286 2846 1511 2906 parere
1546 2823 1862 2897 vocationi,
1867 2821 2100 2906 facere
2138 2821 2234 2907 ofi-

529 2909 707 2984 cium,
736 2910 845 2971 &e.
2231 2946 2234 2951 .

453 2906 533 2990 fi
561 2993 699 3054 Act.
728 3013 824 3052 xv.
856 2992 940 3054 ait
976 2991 1204 3065 Petrus,
1240 2991 1454 3056 Quare
1491 2991 1743 3051 tentatis
1781 2989 2008 3062 Deum,
2044 2989 2232 3070 impo-

480 3084 688 3137 nentes
694 3074 931 3159 jugum
957 3096 1144 3155 super
1172 3076 1433 3135 cervices
1461 3071 1915 3154 discipulorum,
1942 3071 2106 3154 quod
2129 3092 2232 3132 ne-

480 3179 596 3241 que
634 3178 744 3219 nos
780 3178 976 3243 neque
1009 3165 1221 3238 patres
1261 3156 1453 3218 nostri
1602 3165 1741 3218 tare
1771 3154 2099 3237 potuimus,
2123 3153 2236 3214 sed

474 3262 588 3321 per
621 3241 895 3323 gratiam
935 3240 1191 3302 Domini
1233 3240 1428 3300 nostri
1514 3260 1619 3300 esu
1664 3236 1892 3300 Christi
1920 3235 2231 3297 aedem

476 3323 728 3399 salvari,
769 3322 1268 3407 quemadmodum
1318 3330 1379 3383 et
1424 3321 1521 3383 illi
1545 3323 1583 3382 9
1628 3320 1751 3383 Hic
1799 3319 1977 3381 docet
2019 3317 2228 3378 Petrus

479 3407 825 3488 contingere
868 3406 1043 3467 nobis
1086 3404 1499 3467 remissionem
1545 3414 1928 3488 peccatorum
1970 3409 2033 3459 et
2073 3398 2229 3460 salu-

478 3499 600 3547 tem
634 3502 875 3570 propter
902 3489 1237 3563 Christum,
1265 3508 1385 3549 non
1415 3499 1661 3570 propter
1683 3481 1986 3547 Massico:
2015 3493 2118 3541 aut
2147 3481 2226 3541 si-

481 3569 651 3629 miles
693 3570 860 3631 ritus.
948 3572 1030 3631 Et
1074 3571 1359 3632 admonet
1402 3568 1750 3650 gravissimo
1789 3582 2035 3646 peccare
2075 3562 2228 3639 illos,
