2418 4172
509 367 616 422 466
690 367 803 420 111.
832 366 940 420 ET
970 366 1065 418 IV.
1094 363 1381 419 DOCTR.
1407 366 1697 429 CAPUT,
1737 365 1845 419 DE
1884 365 2257 420 CONVERS.

1295 506 1478 568 VIII.

606 590 726 661 Qui
759 590 997 661 docent,
1027 598 1062 625 “
1082 589 1288 649 Deum
1322 589 1383 649 in
1416 586 1677 648 bominis
1699 587 2141 670 regeneratione
2161 609 2262 649 eas

523 682 559 709 “
590 696 711 735 suae
753 671 1209 755 omnipotentiae
1253 672 1404 731 vires
1436 693 1555 731 non
1587 669 1889 744 adhibere,
1916 668 2136 750 quibu·
2161 690 2264 731 vo-

522 763 557 791 “
586 756 878 817 luntatcm
924 754 1050 834 ejus
1091 753 1163 815 ad
1205 753 1388 815 fldem
1418 764 1480 813 et
1507 752 1955 814 conversionem
1990 761 2269 834 potenter

522 845 558 873 “
587 850 650 899 et
678 838 1068 899 infallibiliter
1097 838 1331 907 flectat;
1376 834 1478 896 sed
1508 835 1718 917 positis
1747 835 2028 895 omnibus
2057 832 2268 916 gratiae

523 928 558 955 “
588 921 1053 1003 operationibus,
1082 920 1300 999 quibus
1343 918 1512 979 Deus
1557 917 1630 977 ad
1677 917 1984 977 bominem
2026 936 2270 977 conver-

524 1012 561 1039 “
592 1002 841 1063 tendum
889 1002 1094 1073 utitur,
1125 1001 1433 1061 hominem
1479 1012 1680 1060 tamen
1726 999 1883 1074 Deo,
1915 1011 1978 1060 et
2018 996 2267 1081 Spiritui

525 1092 560 1120 “
590 1083 1098 1166 regenerationem
1139 1082 1268 1162 ejus
1303 1081 1659 1155 intendenti,
1685 1094 1749 1142 et
1789 1102 2135 1164 regenerare
2176 1079 2271 1163 ip-

527 1174 563 1203 “
593 1190 726 1227 sum
770 1165 1012 1238 volenti,
1042 1165 1125 1224 ita
1161 1186 1336 1246 posse
1380 1165 1668 1237 resistere,
1696 1175 1758 1224 et
1788 1177 1926 1224 actu
1956 1163 2088 1245 ipso
2113 1183 2271 1244 saepe

526 1256 563 1285 “
593 1249 881 1319 resistere,
911 1259 979 1306 ut
1006 1246 1096 1306 sui
1127 1246 1636 1328 regenerationem
1682 1267 1922 1328 prorsus
1962 1242 2273 1327 impediat,

527 1338 564 1367 “
595 1341 775 1411 atque
806 1329 954 1389 adeo
982 1328 1043 1388 in
1076 1327 1262 1409 ipsius
1306 1349 1546 1388 manere
1625 1339 1898 1401 otestate,
1926 1338 2024 1389 ut·

529 1422 567 1450 “
596 1425 758 1472 retur
783 1413 876 1471 vel
905 1433 1024 1471 non
1056 1411 1483 1492 regeneretur.”
1625 1432 1697 1471 oc
1728 1410 1888 1471 enim
1917 1408 2074 1469 nihil
2111 1406 2274 1470 aliud

530 1510 639 1567 est,
668 1515 851 1575 quam
898 1494 1105 1554 tollere
1146 1515 1392 1554 omnem
1438 1493 1767 1554 efficaciam
1811 1491 2019 1574 gratiae
2047 1490 2170 1552 Dei
2209 1490 2275 1551 iu

531 1578 715 1639 nostri
762 1576 1165 1649 conversione,
1208 1588 1268 1636 et
1314 1576 1612 1637 actionem
1663 1576 1782 1636 Dei
1841 1571 2277 1657 omnipotentia

532 1660 823 1740 subjicere
861 1658 1155 1720 voluntati
1197 1659 1480 1733 hominis,
1509 1659 1569 1719 id
1614 1681 1691 1719 ue
1718 1669 1926 1719 contra
1952 1655 2276 1739 Apostolos

532 1744 636 1824 qui
666 1742 903 1815 docent,
933 1740 1066 1802 Nos
1096 1741 1342 1802 credere
1365 1764 1480 1822 pro
1509 1682 2083 1826 efficacitate-fortis
2106 1737 2279 1800 robo-

531 1827 623 1886 ris
652 1825 800 1885 Dei.
829 1823 1055 1906 Ephes.
1086 1824 1125 1883 i.
1163 1836 1255 1899 19.
1301 1822 1403 1894 Et,
1435 1824 1646 1884 Deum
1676 1823 1964 1884 bonitatis
1987 1843 2109 1883 811ae
2124 1841 2278 1904 gra·

535 1908 755 1970 tuitam
786 1905 1256 1968 benevolentiam
1287 1914 1348 1966 et
1373 1903 1693 1987 msfidei
1714 1913 1995 1986 potenter
2018 1906 2086 1965 in
2109 1903 2280 1964 nobis

534 1989 850 2070 complere.
899 2001 934 2048 2
953 1987 1165 2047 Thess.
1211 1987 1247 2047 i.
1301 1999 1395 2047 11.
1491 1988 1673 2059 Item,
1731 1987 2032 2047 Divinam
2086 1986 2279 2067 ὁρέω

533 2074 655 2134 vim
689 2072 888 2132 omnia
927 2069 1096 2130 nobis
1125 2069 1393 2144 donasse,
1421 2091 1552 2152 qua:
1581 2069 1665 2130 ad
1686 2070 1876 2132 vitam
1906 2076 1967 2130 et
1986 2069 2280 2150 pietatem

526 2154 860 2236 pertinent.
892 2165 927 2212 2
953 2153 1079 2212 Pet.
1111 2153 1148 2212 i.
1168 2164 1226 2213 3.
1349 2234 1449 2295 IX

623 2318 747 2387 Qui
785 2317 1026 2391 docent,
1053 2325 1088 2352 ‘⁶
1109 2317 1382 2378 Gratiam
1426 2328 1486 2379 et
1524 2317 1780 2377 liberum
1811 2315 2124 2378 arbitrium
2153 2336 2283 2377 ense

539 2410 576 2438 “
606 2423 811 2462 causas
844 2399 1120 2493 partiales
1159 2400 1338 2461 simul
1372 2412 1790 2461 concurrentes
1834 2398 1907 2460 ad
1950 2397 2286 2461 conversio-

538 2492 574 2520 “
605 2485 695 2544 nis
741 2483 1022 2553 initium3
1068 2505 1179 2543 nec
1218 2483 1468 2564 gratiam
1510 2482 1718 2543 ordine
1755 2481 2122 2542 causalitatis
2158 2479 2284 2542 effi·

538 2575 576 2602 “
608 2566 888 2626 cientiam
937 2566 1258 2626 voluntatis
1302 2564 1650 2625 antecedere
1674 2564 1721 2632 ;”
1750 2563 1811 2624 id
1853 2575 1965 2637 eat,
2007 2571 2045 2600 “
2070 2563 2282 2624 Deum

538 2657 575 2685 “
606 2671 726 2709 non
760 2647 923 2730 prius
955 2646 1217 2707 hominis
1247 2647 1618 2708 voluntatem
1648 2645 1966 2707 efficaciter
1973 2645 2186 2740 juvare
2207 2643 2283 2707 ad

539 2741 576 2768 “
607 2729 1075 2804 conversionem,
1096 2751 1278 2811 quam
1309 2729 1584 2790 voluntas
1615 2729 1743 2811 ipsa
1773 2727 2035 2789 hominis
2063 2748 2286 2800 aemo—

537 2822 573 2850 “
605 2825 704 2874 vet
748 2834 817 2874 ac
862 2811 1270 2874 determinat.”
1356 2812 1497 2873 Hoc
1544 2812 1707 2872 enini
1751 2810 1971 2893 dogma
2013 2809 2286 2872 Ecclesia

542 2896 735 2981 prisca
764 2895 825 2955 in
859 2894 1191 2977 Pelagianis
1212 2894 1342 2975 jam
1370 2895 1515 2955 olim
1546 2893 1988 2969 condemnavit,
2014 2914 2090 2955 ex
2117 2894 2287 2976 Apo-

543 2979 696 3041 stolo
728 2978 908 3039 Rom.
937 2977 1018 3039 ix.
1055 2976 1146 3039 16.
1198 2977 1342 3039 Non
1389 2986 1479 3039 est
1525 2977 1778 3040 volentis
1817 2998 1928 3038 nec
1963 2976 2286 3050 currentis,

541 3063 650 3123 sed
677 3061 804 3123 Dei
838 3060 1192 3123 miserentis.
1239 3060 1344 3135 Et,
1384 3074 1406 3122 1
1438 3061 1579 3122 Cor.
1603 3061 1680 3121 iv.
1702 3070 1761 3136 7.
1795 3060 1955 3126 Quis
1981 3066 2045 3121 te
2063 3058 2288 3121 discer-

542 3146 635 3207 nit
657 3145 694 3204 9
750 3143 856 3216 Et,
904 3144 1056 3227 quid
1100 3144 1281 3206 habes
1329 3145 1489 3227 quod
1534 3166 1652 3205 non
1700 3143 2061 3225 acceperis?
2108 3142 2288 3216 Item,

546 3226 807 3309 Philipp.
833 3226 891 3286 ii.
929 3237 1020 3288 13.
1052 3227 1233 3290 Deus
1262 3236 1351 3289 est
1379 3228 1573 3310 quiin
1596 3226 1762 3289 vobis
1782 3234 2074 3309 oper-atur
2093 3225 2287 3307 ἔμεναι

544 3310 703 3373 velle
729 3318 788 3371 et
810 3307 1109 3392 perficere
1127 3333 1247 3393 pro
1273 3333 1381 3372 suo
1411 3308 1795 3392 beneplacito.

647 3476 796 3529 Huic
819 3477 984 3548 capiet·
1009 3476 1184 3530 eadem
1210 3493 1328 3549 quoe
1340 3477 1506 3550 prius
1526 3476 1932 3531 subscr-&bunoar-
1951 3474 2181 3530 mm

2414 3407 2418 3414 ι

2377 3430 2418 3450 ..¹

2411 3549 2418 3557 ι
