2418 4172
530 358 639 412 882
1129 356 1682 413 CATECHESIS

617 510 717 563 83.
766 499 939 566 Quid
960 507 1103 562 sunt
1131 497 1328 560 claves
1354 501 1534 583 regni
1561 500 1845 563 coelorum
1863 503 1902 562 9

616 583 969 645 Praedicatio
1017 581 1354 663 Evangelii,
1398 595 1461 643 et
1500 583 1903 644 ecclesiastica
1943 583 2275 670 disciplina,

529 665 753 747 quibus
796 667 1021 728 coelum
1059 663 1440 726 credentibus
1479 666 1760 748 aperitur,
1788 665 2132 731 infidelibus
2169 691 2276 731 au·

533 758 656 809 tem
688 749 983 811 clauditur
997 760 1042 810 ¹¹.

616 841 717 893 84.
754 831 893 897 Quo
964 840 1098 893 acto
1126 832 1406 914 aperitur
1435 841 1492 892 et
1530 831 1838 893 clauditur
1865 852 2126 915 regnum
2159 852 2277 894 coe-

535 912 732 976 lorum
752 937 883 996 prae
935 916 1185 976 'catione
1206 914 1594 997 Evangelii?

617 996 775 1059 Cum
807 1019 882 1058 ex
921 997 1205 1058 mandato
1231 997 1457 1058 Christi
1490 996 1868 1058 credentibus
1902 995 2191 1058 universis
2218 1007 2282 1058 et

534 1080 806 1173 singulis,
854 1079 1093 1160 publice
1143 1079 1541 1140 annunciatur
1588 1079 1795 1139 omnia
1842 1091 2089 1162 peccata
2134 1078 2280 1162 ipsis

532 1161 820 1223 divinitus
870 1171 1111 1253 propter
1155 1161 1434 1220 meritum
1473 1161 1699 1221 Christi
1745 1161 2090 1236 condonari,
2129 1182 2282 1242 quo-

535 1244 646 1304 ties
694 1243 1155 1326 promissionem
1201 1242 1515 1323 Evangelii
1555 1264 1693 1302 vera
1738 1242 1859 1303 fide
1907 1244 2284 1326 amplectun-

534 1336 667 1387 tur=
710 1335 918 1386 contra
950 1347 1092 1386 vero
1134 1325 1417 1385 omnibus
1462 1324 1802 1389 infidelibus
1846 1336 1909 1386 et
1950 1325 2282 1408 hypocritis

534 1407 948 1482 denunciatur,
989 1407 1281 1490 tantisper
1324 1406 1340 1466 i
1389 1406 1467 1467 sis
1518 1407 1664 1467 iram
1717 1405 1838 1467 Dei
1887 1418 1951 1468 et
1997 1419 2280 1470 aeternam

533 1490 1102 1552 condemnationem
1136 1490 1339 1550 incum
1385 1511 1502 1560 ere,
1531 1489 1676 1550 dum
1710 1489 1770 1549 in
1810 1490 1932 1551 suis
1961 1489 2283 1552 sceleribus

535 1584 992 1657 perseverant&
1046 1572 1375 1634 secundum
1428 1571 1591 1653 quod
1641 1571 1956 1654 Evangelii
2014 1572 2285 1634 testimo-

535 1657 731 1730 nium,
768 1656 938 1717 Deus
978 1667 1101 1716 tam
1148 1655 1210 1715 in
1253 1654 1552 1738 praesenti‚
1588 1676 1768 1736 quam
1815 1655 1878 1716 in
1919 1655 2122 1718 futura
2161 1655 2285 1719 vita

526 1738 905 1820 judicaturus
934 1749 1043 1799 est.

625 1832 727 1883 85.
776 1821 914 1885 Quo
942 1828 1123 1902 pacto
1152 1818 1463 1903 clauditur
1492 1829 1551 1882 et
1580 1822 1860 1901 aperitur
1883 1841 2141 1904 regnum
2171 1841 2285 1883 coe-

539 1902 737 1966 lorum
759 1925 873 1986 per
900 1902 1282 1983 disciplinam
1310 1902 1776 1965 ecclesiasticam
1794 1905 1833 1963 9

622 1986 780 2047 Cum
829 2007 904 2046 ex
943 1983 1227 2045 mandato
1255 1984 1479 2044 Christi
1521 1984 1582 2058 ii,
1609 1985 1712 2066 qui
1756 1983 2002 2044 nomine
2036 1983 2284 2065 quidem

538 2080 683 2130 sunt
715 2067 1063 2141 Christiani,
1097 2088 1305 2127 verum
1355 2066 1627 2128 doctrina
1676 2078 1782 2128 aut
1809 2065 1933 2126 vita
1980 2087 2045 2127 se
2087 2077 2288 2128 osten-

538 2151 694 2212 dunt
722 2173 757 2212 a
785 2150 1029 2211 Christo
1058 2149 1303 2223 alienoS,
1331 2160 1653 2232 postquam
1689 2148 2004 2230 aliquoties
2031 2148 2286 2215 fraterne

539 2233 853 2309 admoniti,
881 2233 958 2293 ab
994 2231 1287 2292 erroribus
1323 2243 1428 2293 aut
1456 2232 1695 2313 flagitiis
1724 2230 2028 2292 discedere
2056 2231 2288 2307 nolunt,

540 2316 828 2378 Ecclesiae
857 2314 1218 2388 indicantur,
1250 2326 1351 2375 aut
1380 2314 1470 2389 iis,
1498 2314 1603 2396 qui
1634 2315 1710 2375 ab
1738 2313 2011 2375 Ecclesia
2047 2313 2123 2375 ad
2150 2336 2285 2376 eam

540 2421 669 2461 rem
698 2410 842 2460 sunt
868 2397 1177 2460 constituti
1202 2423 1219 2468 ;
1263 2420 1333 2459 ac
1370 2398 1418 2460 si
1448 2420 1526 2458 ne
1557 2397 1773 2459 horum
1803 2395 2051 2478 quidem
2081 2396 2288 2459 admo-

541 2482 755 2543 nitioni
795 2492 1062 2565 pareant,
1092 2480 1167 2540 ab
1196 2479 1411 2540 iisdem
1446 2473 1862 2540 interdictione
1890 2491 2288 2541 sacramento-

541 2585 677 2625 rum
723 2586 797 2624 ex
850 2575 1013 2624 coetu
1057 2561 1346 2623 Ecclesiae
1387 2573 1448 2622 et
1500 2563 1576 2622 ab
1626 2562 1757 2644 ipso
1802 2560 1941 2622 Deo
1982 2583 2059 2623 ex
2103 2583 2287 2645 regno

540 2645 791 2720 Christi,
818 2643 1261 2707 excluduntur:
1306 2666 1374 2704 ac
1413 2666 1668 2719 rursum,
1706 2643 1755 2704 si
1799 2642 2283 2706 emendationem

589 2730 957 2802 rofiteantur,
986 2738 1047 2788 et
1076 2727 1270 2811 reipsa
1299 2726 1620 2799 declarent,
1648 2738 1940 2808 tanquam
1969 2726 2196 2790 Christi
2224 2740 2288 2790 et

544 2752 833 2875 E'aeclesioe
863 2811 1134 2872 membra
1160 2809 1528 2893 recipiuntur
1544 2821 1588 2870 5.
2109 2823 2123 2838 ·

613 2987 636 3012 ⁸⁸
670 2978 812 3028 Matt.
851 2976 938 3027 xvi.
971 2978 1046 3036 18,
1078 2992 1151 3041 19.
1192 2987 1241 3025 et
1278 2975 1395 3024 xviii.
1429 2977 1501 3025 18.
1684 2984 1704 3007 ³¹
1738 2977 1851 3024 Joh.
1888 2992 1962 3024 xx.
1990 2990 2069 3032 αι,
2100 2991 2177 3034 22,
2207 2991 2282 3039 ²3-

546 3046 689 3095 Matt.
715 3045 807 3095 xvi.
843 3061 914 3109 ¹9·
1104 3052 1124 3084 5
1161 3043 1303 3092 Rom.
1331 3043 1405 3092 xii.
1436 3060 1481 3106 7,
1510 3044 1555 3100 8,
1580 3059 1626 3106 9.
1707 3060 1722 3091 1
1753 3047 1863 3092 Cor.
1889 3042 1964 3092 xii.
1993 3043 2070 3092 28.
2140 3043 2283 3092 Matt-

549 3112 671 3162 xviii.
703 3127 778 3177 ¹5·
812 3113 884 3169 16,
918 3125 990 3175 ¹7·
1068 3128 1083 3160 ι
1123 3110 1250 3160 Tim.
1277 3127 1316 3158 v.
1351 3125 1422 3173 ¹7-
1497 3127 1522 3159 α
1559 3111 1730 3158 'l'hcss.
1760 3110 1823 3159 iii.
1856 3125 1931 3173 ¹4·
1962 3124 2035 3175 ¹5·
2110 3126 2136 3160 α
2172 3110 2283 3159 Joh.

555 3196 734 3238 io,11.
814 3196 830 3229 ι
861 3181 970 3228 Cor.
997 3196 1035 3227 v.
1064 3193 1175 3242 3.4,
1202 3193 1246 3241 5.
1322 3194 1347 3226 2
1371 3181 1478 3227 Cor.
1507 3177 1552 3226 ii.
1581 3179 1759 3226 6—11.
