2418 4172
0 323 13 436 ξ
592 362 605 373 -
777 337 1324 391 HELVETICA.
1853 342 1924 394 25

183 480 511 547 adorandas
561 501 689 541 esse
739 491 842 541 aut
893 478 1191 540 colendas.
1275 478 1523 538 Veteres
1582 479 1676 539 isti
1735 483 1924 542 sancti

183 564 325 630 satis
355 565 675 626 honorasse
717 562 1075 623 videbantur
1111 573 1378 621 mortuos
1409 582 1564 632 suos,
1589 561 1636 619 si
1677 561 1927 623 honeste

183 647 567 722 mand-assent
596 657 767 706 terrae
808 645 1104 725 reliquias,
1135 655 1454 738 postquam
1487 654 1643 703 astra
1661 643 1929 724 petiisset

182 730 457 814 spiritus:
490 750 559 789 ac
587 729 859 791 omnium
891 727 1291 788 nobilissimas
1320 725 1600 806 reliquias
1631 725 1927 804 majorum

183 812 567 877 extimabant
607 831 735 871 esse
762 811 1032 883 virtutes,
1061 809 1394 870 doctrinam
1428 820 1489 868 et
1519 806 1737 868 fidem:
1782 830 1930 888 quas

186 907 254 958 ut
294 892 802 957 commendabant
850 915 989 953 cum
1045 891 1219 952 laude
1270 902 1666 963 mortuorum,
1709 890 1791 950 ita
1833 913 1930 950 eas

182 978 519 1061 exprimere
548 975 975 1037 annitebantur
1001 974 1147 1036 dum
1178 974 1461 1035 vivebant
1489 973 1550 1033 in
1581 973 1770 1033 terris.
1835 973 1931 1032 11Ιί

186 1061 207 1124 i
284 1061 303 1122 i
333 1072 574 1121 veteres*
602 1080 723 1119 non
760 1059 1038 1139 jurarunt
1068 1057 1183 1118 nisi
1212 1079 1319 1139 per
1347 1078 1568 1116 nomen
1601 1056 1782 1115 solius
1813 1054 1931 1115 Dei

183 1083 490 1216 Khovain
510 1141 685 1203 sicuti
717 1143 849 1235 lege
877 1141 1079 1201 divina
1108 1152 1198 1201 est
1227 1151 1636 1223 praeceptum:
1666 1138 1852 1199 Deut.
1871 1160 1932 1197 x.

185 1225 384 1289 Exod.
402 1224 572 1287 xxiii.
602 1245 723 1304 qua
752 1236 907 1286 sicut
935 1224 1189 1285 vetitum
1222 1235 1312 1284 est
1330 1222 1533 1302 jurare
1560 1243 1667 1304 per
1689 1221 1936 1282 nomina

189 1308 519 1371 alienorum
577 1306 848 1381 deorum,
905 1308 990 1367 sic
1050 1329 1157 1367 nos
1203 1305 1550 1385 juramenta
1602 1327 1710 1387 per
1765 1304 1934 1364 divos

189 1389 476 1473 requisita
495 1392 644 1450 'non
694 1402 1065 1484 praestamus.
1154 1388 1488 1467 Rejicimus
1538 1410 1680 1469 ergo
1731 1387 1791 1447 in
1843 1386 1936 1446 his

190 1472 475 1535 omnibus
523 1470 856 1534 doctrinam
915 1471 1067 1531 divis
1127 1471 1431 1532 coelitibus
1487 1471 1624 1554 plus
1678 1469 1935 1531 nimium

194 1554 576 1617 tribuentem.

745 1644 1388 1687 ———*————

711 1788 817 1849 De
849 1787 1247 1848 Providentia
1278 1787 1423 1848 Dei.

1014 1937 1124 1998 vl.

195 2044 378 2124 DEI
418 2056 598 2137 hujus
640 2055 925 2138 sapientis
959 2056 1163 2116 aeterni
1194 2067 1256 2116 et
1282 2056 1713 2139 omnipotentis
1748 2059 1944 2140 provi-

194 2141 417 2215 dentia,
453 2139 751 2202 credimus
789 2151 1006 2199 cuncta
1052 2139 1112 2198 in
1157 2138 1334 2212 coelo,
1369 2151 1430 2199 et
1474 2140 1533 2199 in
1578 2152 1752 2214 terra,
1780 2154 1840 2201 et
1879 2142 1940 2201 in

195 2223 479 2287 creaturis
513 2222 796 2305 omnibus
842 2222 1172 2282 conservari
1216 2233 1274 2281 et
1317 2222 1655 2314 gubernari.
1740 2224 1941 2284 David

195 2306 360 2388 enim
387 2305 744 2366 testificatur
772 2316 833 2364 et
861 2304 963 2377 ait,
993 2304 1213 2364 Psalm.
1246 2304 1406 2364 cxlii.
1435 2305 1730 2367 Excelsus
1762 2328 1946 2387 super

91 2457 104 2469 ο
192 2410 371 2458 omne
367 2410 401 2449 s
433 2395 650 2471 gentes
677 2387 1001 2460 Dominus,
1030 2399 1088 2447 et
1114 2407 1299 2467 super
1342 2387 1520 2448 coelos
1557 2388 1766 2471 gloria
1796 2390 1943 2471 qus.

0 2461 42 2587 ὲ
121 2470 1583 2634 fflrfffss‘fflzffimm‘wsz
1609 2471 1948 2616 ‘5223313022

197 2638 270 2700 ὄπ
295 2646 465 2700 terra
486 2638 524 2697 ‚9
564 2636 736 2698 Idem
768 2658 987 2710 rursus,
1021 2636 1239 2697 Psalm.
1270 2636 1516 2697 cxxxix.
1550 2637 1778 2698 Omnes
1815 2639 1948 2698 vias

10 2796 16 2805 Ι
198 2742 384 2794 meas,
425 2719 640 2801 inquit,
680 2719 1036 2800 praevidisti.
1129 2719 1295 2784 Quia
1322 2741 1442 2780 non
1477 2729 1566 2781 est
1606 2720 1855 2782 verbum
1883 2721 1948 2780 in

0 2846 32 2915 ι
201 2803 420 2887 lingua
459 2824 612 2875 mea,
642 2802 805 2885 quod
843 2825 964 2863 non
1002 2803 1347 2863 universum
1390 2804 1633 2864 noveris
1662 2804 1948 2877 Domine,

10 2919 33 2948 a·
201 2889 314 2948 ἃς.
354 2886 739 2947 Testificatur
767 2897 828 2945 et
857 2886 1078 2946 Paulus
1107 2898 1169 2946 et
1198 2886 1299 2960 ait,
1319 2886 1610 2946 Actorum
1643 2886 1784 2946 xvii.
1817 2884 1949 2946 Per

199 2970 399 3052 ipsum
425 2970 702 3053 vivimus,
730 2989 1053 3042 movemur,
1085 2977 1144 3029 et
1169 2991 1394 3029 sumus.
1473 2969 1574 3042 Et,
1604 2968 1707 3029 Ex
1733 2968 1860 3040 illo,
1891 2977 1949 3029 et

195 3073 314 3133 per
341 3051 532 3126 illum,
554 3060 614 3113 et
643 3052 708 3112 in
737 3050 914 3112 illum
943 3052 1165 3126 omnia,
1196 3052 1456 3113 Roman.
1482 3052 1562 3112 xi.
1623 3052 1949 3111 Verissime

203 3155 348 3216 ergo
375 3145 436 3195 et
463 3134 793 3195 secundum
812 3134 1183 3217 Scripturam
1216 3134 1632 3218 pronunciavit
1659 3133 1951 3215 Augusti·

207 3238 321 3277 nus
366 3215 430 3276 in
464 3215 569 3275 lib.
602 3216 679 3276 de
715 3221 929 3298 Agone
976 3218 1201 3277 Christ.
1249 3240 1381 3299 cap.
1413 3217 1534 3277 viii.
1578 3224 1614 3251 “
1640 3215 1948 3277 Dominus

205 3306 244 3336 “
271 3298 458 3360 dixit:
491 3296 714 3358 Nonne
741 3300 857 3359 duo
894 3321 1180 3380 passeres
1225 3322 1357 3360 asse
1385 3306 1676 3371 vaeneunt,
1705 3306 1766 3359 et
1792 3321 1952 3361 unus

205 3389 245 3418 “
274 3403 479 3443 eorum
507 3402 628 3441 non
658 3380 823 3441 cadit
850 3382 913 3441 in
952 3390 1181 3442 terram
1218 3382 1353 3441 sine
1390 3380 1704 3443 voluntate
1730 3379 1952 3443 Patris

206 3472 259 3500 ‘⁶
273 3465 464 3527 vestri
482 3464 520 3523 9
547 3464 642 3524 Ita
663 3485 804 3524 vero
826 3463 1096 3544 loquens,
1114 3463 1426 3524 ostendere
1447 3464 1640 3525 voluit
1660 3463 1952 3545 quicquid

206 3555 245 3584 “
274 3546 631 3607 vilissimum
665 3546 940 3606 homines
970 3557 1203 3628 putant,
1220 3546 1681 3630 omnipotentia
1696 3546 1948 3608 Domini

209 3638 247 3666 “
274 3629 610 3712 gubernari.
696 3628 989 3691 Sicenim
1019 3639 1082 3691 et
1103 3629 1366 3691 volatilia
1393 3629 1532 3691 coeli
1563 3627 1640 3692 ab
1668 3653 1741 3692 eo
1769 3630 1952 3713 pasci,

9 2595 21 2605 o

13 2619 26 2633 Ο

1692 3854 1724 3865 ae
