2418 4172
639 320 1201 375 AUGUSTANA
1253 318 1511 372 MDXL.
1845 317 1945 371 231

196 463 432 547 justitia
469 461 608 523 fidei
651 485 771 523 non
810 464 952 524 satis
992 463 1145 523 clare
1180 462 1508 522 doceretur.
1590 459 1796 600 Aligui
1828 459 1946 520 dis-

202 556 421 631 putant
448 544 566 606 diei
589 544 896 607 Dominici
928 544 1400 606 observationem
1430 563 1551 603 non
1581 540 1685 621 qui
1730 563 1826 600 em
1848 542 1948 619 ju-

204 627 286 690 ris
327 627 714 702 diviniaesse‚
756 627 859 689 sed
902 628 1071 708 quasi
1106 626 1260 706 juris
1288 625 1510 695 divini;
1555 624 1948 706 praescribunt

203 710 281 772 de
322 710 503 785 feriis,
530 722 829 792 quatenus
871 710 1047 770 liceat
1088 708 1336 790 operari.
1422 704 1792 787 Hujusmodi
1831 705 1950 766 dis-

203 794 547 877 putationes
588 791 732 874 quid
778 804 918 851 sunt
960 789 1121 851 aliud
1166 789 1277 850 nisi
1320 789 1512 870 laquei
1554 788 1947 849 conscientia·

203 875 378 937 rum?
434 875 796 955 Quanquam
849 873 1010 933 enim
1062 884 1353 933 conentur
1400 871 1721 954 epiikizare
1769 870 1948 931 tradi-

203 957 415 1033 tiones,
442 968 645 1018 tamen
692 963 1001 1036 nunquam
1043 966 1242 1038 potest
1278 957 1525 1036 aequitas
1559 954 1946 1036 deprehendi,

202 1039 396 1102 donec
438 1050 644 1101 manet
684 1040 892 1133 opinio
934 1037 1321 1111 necessitatiS,
1349 1060 1530 1119 quam
1570 1059 1811 1097 manere
1844 1059 1947 1096 ne-

204 1144 368 1185 eesse
414 1134 525 1198 est,
566 1123 670 1183 ubi
720 1134 1071 1205 ignorantur
1108 1121 1344 1200 justitia
1395 1120 1554 1193 fidei,
1597 1131 1657 1179 et
1706 1120 1946 1180 libertas

203 1205 565 1268 Christiana.

285 1288 562 1371 Apostoli
581 1288 891 1368 jusserunt
921 1290 1214 1350 abstinere
1236 1312 1269 1349 a
1292 1290 1599 1382 sanguine,
1621 1289 1755 1367 quis
1783 1309 1947 1347 nunc

204 1371 522 1432 observat?
567 1393 763 1452 neque
802 1383 1004 1432 tamen
1044 1383 1299 1453 peccant
1327 1392 1431 1452 qui
1462 1393 1581 1431 non
1611 1371 1946 1443 observant,

204 1453 346 1535 quia
373 1475 449 1514 ne
478 1453 590 1536 ipsi
622 1454 866 1534 quidem
899 1455 1152 1536 apostoli
1183 1454 1500 1515 voluerunt
1527 1475 1772 1513 onerare
1800 1474 1947 1513 con-

203 1535 479 1597 scientias
516 1535 621 1595 tali
661 1536 962 1607 servitute,
991 1536 1092 1596 sed
1124 1535 1197 1596 ad
1234 1548 1473 1618 tempus
1510 1535 1947 1616 prohibuerunt

200 1627 447 1700 propter
494 1616 860 1678 scandalum.
943 1617 1059 1678 Est
1114 1618 1276 1678 enim
1334 1639 1442 1698 per
1484 1629 1623 1676 etua
1670 1617 1945 1676 voluntas

201 1698 494 1781 evangelii
524 1698 951 1760 consideranda
978 1699 1040 1759 in
1070 1698 1328 1759 decreto.
1470 1699 1531 1759 ix
1556 1698 1660 1758 ulli
1690 1719 1946 1758 canones

201 1792 508 1844 servantur
561 1793 854 1855 accurate,
911 1793 973 1841 et
1029 1781 1206 1842 multi
1269 1780 1539 1861 quotidie
1599 1780 1947 1841 exolescunt

201 1863 362 1959 apud
391 1864 524 1925 illos
552 1865 756 1938 etiam,
784 1865 888 1945 qui
918 1863 1376 1946 diligentissime
1402 1862 1733 1924 defendunt
1769 1862 1948 1924 tradi-

201 1958 412 2008 tiones.
495 1946 633 2007 Nec
682 1958 882 2029 potest
929 1947 1309 2007 conscientiis
1358 1946 1608 2019 consuli,
1651 1945 1765 2005 nisi
1818 1947 1948 2006 haec

202 2029 452 2110 oequitas
495 2039 778 2099 servetur,
809 2040 875 2089 ut
917 2029 1173 2090 sciamus
1215 2051 1317 2089 eos
1362 2030 1488 2089 sine
1527 2028 1809 2110 opinione
1843 2051 1947 2088 ne-

203 2111 495 2173 cessitatis
534 2110 770 2184 servari,
798 2133 911 2172 nec
949 2110 1081 2172 laedi
1125 2111 1538 2183 conscientias,
1567 2111 1800 2171 etiamsi
1832 2121 1948 2172 tra·

204 2194 464 2256 ditiones
492 2194 851 2257 exolescant.

283 2276 488 2339 Facile
514 2289 712 2339 autem
743 2290 990 2372 possent
1017 2279 1281 2362 episcopi
1307 2279 1639 2362 legitimam
1662 2279 1947 2340 obedien-

202 2361 348 2422 tiam
394 2360 667 2434 retinere,
710 2383 758 2421 s1
804 2384 926 2422 non
973 2374 1255 2444 urgerent
1301 2384 1529 2423 servare
1578 2361 1946 2436 traditiones,

200 2464 336 2524 quae
372 2443 530 2504 bona
570 2443 939 2505 conscientia
980 2445 1194 2505 servari
1238 2467 1359 2504 non
1403 2456 1675 2527 possunt.
1760 2444 1947 2505 Nunc

199 2526 500 2610 imperant
538 2526 912 2601 coelibatum‚
942 2527 1137 2587 nullos
1173 2527 1471 2609 recipiunt
1507 2528 1621 2588 nisi
1647 2527 1854 2608 jurent
1882 2550 1946 2587 se

199 2629 413 2691 puram
457 2609 750 2692 evangelii
795 2609 1129 2671 doctrinam
1163 2610 1322 2670 nolle
1349 2609 1579 2671 docere.
1664 2609 1809 2670 Non
1844 2633 1948 2693 pe-

202 2701 341 2751 tunt
395 2692 659 2753 ecclesiae
703 2704 773 2753 ut
820 2693 1087 2776 episcopi
1134 2693 1378 2753 honoris
1422 2693 1513 2754 sui
1545 2693 1784 2772 jactura
1826 2715 1947 2751 sar-

200 2771 366 2832 ciant
405 2773 806 2848 concordiam,
834 2776 999 2856 quod
1040 2787 1241 2836 tamen
1288 2775 1538 2836 decebat
1581 2777 1768 2835 bonos
1810 2797 1947 2855 pas·

201 2865 359 2915 tores
402 2854 612 2917 facere.
696 2857 959 2919 Tantum
1006 2870 1224 2941 petunt
1270 2870 1339 2918 ut
1382 2858 1601 2938 injusta
1643 2878 1826 2917 onera
1857 2879 1945 2917 re-

204 2936 468 3011 mittant,
509 2959 646 3020 quae
687 2961 841 3001 nova
887 2952 1045 3015 sunt,
1086 2953 1148 3002 et
1191 2952 1406 3023 praeter
1450 2938 1941 3000 consuetudinem

202 3018 469 3081 ecclesiae
491 3020 712 3082 catholi
823 3035 1080 3106 recepta.
1143 3024 1436 3084 Fortassis
1467 3022 1637 3083 initio
1665 3020 1943 3101 quaedam

202 3101 660 3164 constitutiones
717 3044 1067 3167 ffibuerunt
1130 3106 1469 3188 probabiles
1532 3126 1755 3178 causas,
1810 3125 1945 3184 quoe

200 3195 405 3245 tamen
473 3187 899 3267 posterioribus
965 3189 1340 3271 temporibus
1406 3211 1526 3248 non
1586 3198 1943 3269 congruunt.

197 3266 473 3349 Apparet
509 3267 690 3328 etiam
730 3269 1019 3350 quasdam
1062 3293 1253 3330 errore
1294 3282 1558 3352 receptas
1587 3291 1733 3343 esse,
1761 3291 1943 3349 quare

198 3348 528 3433 pontificiae
567 3350 901 3412 elementiae
930 3364 1103 3426 esset,
1132 3353 1261 3413 illas
1288 3375 1452 3413 nunc
1482 3351 1774 3435 mitigare,
1801 3352 1943 3432 quia

198 3431 335 3493 talis
356 3433 611 3493 mutatio
635 3456 754 3494 non
779 3433 1058 3495 labefacit
1076 3434 1365 3495 Ecclesiae
1383 3434 1692 3496 unitatem.
1725 3434 1941 3497 Multae

196 3513 361 3576 enim
394 3514 739 3578 traditiones
770 3516 1055 3579 humanae
1091 3529 1361 3600 tempore
1399 3528 1646 3579 mutatae
1684 3529 1842 3591 sunt,
1873 3528 1939 3579 ut

1013 3621 1058 3661 Q
1087 3613 1122 3660 4

1620 3773 1654 3786 l
