2418 4172
774 349 1276 403 PRAEFATIO.
1827 353 1891 403 11

145 518 288 560 cnm
320 494 483 580 ipsis,
514 492 812 576 imprimis
841 514 982 552 vero
1010 513 1150 552 cum
1182 491 1364 551 veteri
1396 490 1746 573 Apostolica
1782 493 1898 555 Ec-

145 590 347 668 clesia,
373 612 484 675 per
523 589 729 651 omnia
772 588 1128 661 consentire,
1159 587 1414 647 libenter
1459 586 1615 669 ipsas
1658 609 1899 669 quoquc

90 689 212 778 uin
239 686 471 749 unitate
498 684 638 748 fidei
667 695 851 765 atque
879 682 1188 753 doctrinae,
1218 704 1518 764 sensuque
1546 683 1902 759 orthodoxe,

130 783 507 869 ‘tgr-aterna
544 781 856 855 charitate,
885 801 1278 842 consensuras
1318 779 1653 840 nobiscum.
1741 781 1900 841 Cum

145 877 783 958 hmfioufessionem
809 877 869 938 in
894 876 1013 938 hoc
1033 897 1277 959 quoque
1298 874 1662 936 ediderimus
1693 877 1904 959 praeci-

144 999 289 1064 pue,
327 987 398 1039 nt
452 973 866 1038 Ecclesiamm
926 995 1137 1057 pacem
1197 971 1703 1054 concordiamque
1761 996 1904 1034 cum

146 1083 362 1138 mutua
389 1071 704 1147 charitate,
736 1070 896 1154 apud
930 1069 1276 1132 Germaniae
1306 1083 1662 1152 exterasque
1692 1069 1906 1131 Eccle-

148 1170 267 1234 siae
314 1189 675 1253 quaeramus,
724 1167 897 1228 nobis
949 1166 1362 1243 conciliemus,
1404 1166 1907 1249 conciliatamque

149 1266 532 1331 retineamus.
620 1264 747 1326 Ubi
792 1286 937 1326 sane
980 1264 1111 1325 illas
1155 1264 1315 1349 ipsas
1357 1263 1680 1340 Ecclesias,
1708 1287 1779 1325 ea
1818 1263 1908 1325 di-

150 1362 429 1439 lectione,
469 1361 852 1445 synoeritate‚
894 1361 1378 1445 integritateque,
1422 1362 1701 1445 praeditas
1759 1385 1908 1436 esse,

39 1484 41 1487 ’
152 1459 329 1524 nobis
354 1469 521 1522 certo
547 1457 998 1541 persuademus,
1021 1471 1090 1519 ut
1120 1459 1166 1519 si
1199 1459 1348 1540 quid
1386 1459 1539 1521 forte
1569 1472 1903 1523 nostrarum

151 1577 351 1620 ναι-11111
381 1555 672 1617 hactenus
701 1554 903 1616 minus
947 1565 1107 1615 recte
1146 1555 1521 1617 intellectum
1563 1557 1660 1632 sit,
1688 1580 1724 1618 a
1759 1579 1909 1618 non·

151 1651 337 1714 nullis
363 1672 562 1735 porro,
591 1649 797 1711 audita
829 1650 941 1710 hac
969 1650 1231 1732 simplici
1262 1651 1659 1712 confessione
1687 1664 1910 1726 nostra,

150 1747 272 1810 inte
292 1767 405 1808 nos
431 1744 790 1827 neutiquam
820 1755 1227 1806 numeraturae
1257 1746 1377 1807 sint
1401 1746 1556 1807 inter
1577 1747 1911 1823 hoereticos,

152 1864 351 1928 neque
378 1841 683 1904 Ecclesias
712 1852 965 1917 nostras,
993 1863 1132 1923 quae
1164 1864 1319 1904 verae
1355 1842 1584 1905 Christi
1623 1843 1910 1907 Ecclesiae

152 1949 315 2016 sunt,
340 1938 718 2002 damnaturae
750 1951 820 2001 ut
849 1938 1086 2023 impias.

235 2036 403 2100 Ante
427 2035 634 2099 omnia
653 2058 794 2098 vero
816 2046 1243 2119 protestamur,
1263 2059 1373 2098 nos
1396 2060 1637 2122 semper
1657 2061 1786 2101 esse
1806 2063 1912 2123 pa-

155 2133 506 2210 ratissimos,
533 2134 741 2197 omnia
779 2145 844 2196 et
886 2133 1123 2217 singula
1165 2133 1267 2195 hic
1303 2157 1339 2195 a
1376 2135 1550 2196 nobis
1586 2136 1912 2220 proposita,

156 2229 365 2313 siquis
393 2230 676 2312 requirat,
697 2230 1001 2314 copiosius
1029 2230 1353 2314 explicare,
1372 2230 1635 2314 denique
1664 2235 1914 2295 meliora

153 2346 232 2388 ex
259 2327 444 2387 verbo
470 2325 591 2388 Dei
620 2326 1001 2400 docentibus,
1030 2349 1152 2388 non
1191 2327 1320 2388 sine
1359 2329 1685 2413 gratiarum
1727 2331 1913 2393 actio-

154 2444 251 2500 ne,
291 2433 355 2486 et
402 2422 615 2486 cedere
665 2434 728 2484 ct
777 2423 1028 2505 obsequi
1082 2424 1144 2484 in
1194 2423 1489 2501 Domin0,
1530 2427 1628 2489 cui
1673 2428 1803 2490 laus
1853 2439 1914 2490 et

154 2516 363 2605 gloria.
445 2521 602 2585 Acta
627 2533 677 2582 1.
707 2521 940 2596 Martii,
969 2521 1153 2583 Anno
1179 2521 1355 2585 1566.

226 2713 722 2797 Subscripseruut
740 2736 953 2777 omnes
970 2716 1246 2779 omnium
1260 2716 1669 2779 Ecclesiamm
1685 2717 1912 2780 Christi

325 2811 388 2874 in
430 2810 718 2872 Helvetia
759 2811 1051 2890 Ministri,
1088 2813 1192 2896 qui
1232 2824 1373 2875 sunt
1407 2813 1639 2896 Tiguri,
1677 2815 1913 2890 Remus,

323 2906 665 2983 Schaffusii,
696 2908 985 2992 Sangalli,
1012 2909 1216 2973 Curiae
1265 2910 1626 2987 Rhetorum,
1655 2923 1716 2973 ct
1753 2912 1913 2997 apud

324 3004 757 3083 confederatus,
777 3006 862 3068 cis
893 3018 955 3069 et
983 3008 1139 3069 ultra
1160 3009 1373 3093 Alpes,
1394 3008 1694 3085 Milhusii,
1715 3021 1776 3070 et
1807 3009 1912 3070 Bi-

310 3122 521 3180 βψω,
540 3101 762 3184 quibus
776 3098 1191 3184 adjunxerunt
1220 3128 1283 3168 se
1312 3117 1374 3168 et
1404 3105 1673 3168 Ministri
1703 3105 1915 3166 Eccle-

329 3194 451 3271 sioe,
478 3219 616 3279 quae
644 3211 739 3262 est
766 3201 1047 3265 Genevae.
