<?xml version="1.0" encoding="UTF-8"?>
<!DOCTYPE html PUBLIC "-//W3C//DTD XHTML 1.0 Transitional//EN"
    "http://www.w3.org/TR/xhtml1/DTD/xhtml1-transitional.dtd">
<html xmlns="http://www.w3.org/1999/xhtml" xml:lang="en" lang="en">
 <head>
  <title>
</title>
<meta http-equiv="Content-Type" content="text/html;charset=utf-8" />
  <meta name='ocr-system' content='tesseract 3.04.00' />
  <meta name='ocr-capabilities' content='ocr_page ocr_carea ocr_par ocr_line ocrx_word'/>
</head>
<body>
  <div class='ocr_page' id='page_1' title='image "./syllogeconfessio00oxfouoft_0292.png"; bbox 0 0 2418 4172; ppageno 0'>
   <div class='ocr_carea' id='block_1_1' title="bbox 495 363 1600 422">
    <p class='ocr_par' dir='ltr' id='par_1_1' title="bbox 495 363 1600 422">
     <span class='ocr_line' id='line_1_1' title="bbox 495 363 1600 422; baseline 0.001 -3"><span class='ocrx_word' id='word_1_1' title='bbox 495 367 602 422; x_wconf 70' lang='lat'><strong><em>270</em></strong></span> <span class='ocrx_word' id='word_1_2' title='bbox 1117 363 1600 420; x_wconf 83' lang='lat' dir='ltr'><strong>CONFESSIO</strong></span> 
     </span>
    </p>
   </div>
   <div class='ocr_carea' id='block_1_2' title="bbox 467 504 2236 3731">
    <p class='ocr_par' dir='ltr' id='par_1_2' title="bbox 467 504 2236 3646">
     <span class='ocr_line' id='line_1_2' title="bbox 493 504 2235 591; baseline 0.003 -23"><span class='ocrx_word' id='word_1_3' title='bbox 493 528 533 568; x_wconf 96' lang='lat' dir='ltr'><strong><em>a</em></strong></span> <span class='ocrx_word' id='word_1_4' title='bbox 558 506 818 591; x_wconf 80' lang='lat' dir='ltr'><strong><em>justitia</em></strong></span> <span class='ocrx_word' id='word_1_5' title='bbox 861 527 993 579; x_wconf 85' lang='lat' dir='ltr'><strong><em>sua,</em></strong></span> <span class='ocrx_word' id='word_1_6' title='bbox 1036 514 1097 567; x_wconf 90' lang='lat' dir='ltr'><strong><em>et</em></strong></span> <span class='ocrx_word' id='word_1_7' title='bbox 1114 504 1357 590; x_wconf 84' lang='lat' dir='ltr'><strong><em>fecerit</em></strong></span> <span class='ocrx_word' id='word_1_8' title='bbox 1398 506 1799 588; x_wconf 83' lang='lat' dir='ltr'><strong><em>iniquitatem,</em></strong></span> <span class='ocrx_word' id='word_1_9' title='bbox 1840 510 2136 581; x_wconf 79' lang='lat' dir='ltr'><strong><em>nwrietur</em></strong></span> <span class='ocrx_word' id='word_1_10' title='bbox 2169 508 2235 572; x_wconf 82' lang='lat' dir='ltr'><strong><em>in</em></strong></span> 
     </span>
     <span class='ocr_line' id='line_1_3' title="bbox 492 589 2234 671; baseline 0.002 -19"><span class='ocrx_word' id='word_1_11' title='bbox 492 611 606 653; x_wconf 81' lang='lat' dir='ltr'><strong><em>ea.-</em></strong></span> <span class='ocrx_word' id='word_1_12' title='bbox 652 598 712 652; x_wconf 89' lang='lat' dir='ltr'><strong><em>et</em></strong></span> <span class='ocrx_word' id='word_1_13' title='bbox 751 611 883 651; x_wconf 85' lang='lat' dir='ltr'><strong><em>cum</em></strong></span> <span class='ocrx_word' id='word_1_14' title='bbox 919 590 1231 650; x_wconf 80' lang='lat' dir='ltr'><strong><em>recesserit</em></strong></span> <span class='ocrx_word' id='word_1_15' title='bbox 1274 590 1493 671; x_wconf 84' lang='lat' dir='ltr'><strong><em>impius</em></strong></span> <span class='ocrx_word' id='word_1_16' title='bbox 1535 589 1611 650; x_wconf 87' lang='lat' dir='ltr'><strong><em>ab</em></strong></span> <span class='ocrx_word' id='word_1_17' title='bbox 1655 590 1964 671; x_wconf 77' lang='lat' dir='ltr'><strong><em>impietate</em></strong></span> <span class='ocrx_word' id='word_1_18' title='bbox 1999 614 2135 667; x_wconf 77' lang='lat' dir='ltr'><strong><em>saa,</em></strong></span> <span class='ocrx_word' id='word_1_19' title='bbox 2172 600 2234 654; x_wconf 79' lang='lat' dir='ltr'><strong><em>et</em></strong></span> 
     </span>
     <span class='ocr_line' id='line_1_4' title="bbox 467 672 2233 757; baseline 0.001 -23"><span class='ocrx_word' id='word_1_20' title='bbox 467 672 709 757; x_wconf 69' lang='lat' dir='ltr'><strong><em>jecerit</em></strong></span> <span class='ocrx_word' id='word_1_21' title='bbox 721 672 1027 756; x_wconf 83' lang='lat' dir='ltr'><strong><em>judicium</em></strong></span> <span class='ocrx_word' id='word_1_22' title='bbox 1058 681 1116 733; x_wconf 90' lang='lat' dir='ltr'><strong><em>et</em></strong></span> <span class='ocrx_word' id='word_1_23' title='bbox 1123 672 1463 756; x_wconf 82' lang='lat' dir='ltr'><strong><em>justitiam,</em></strong></span> <span class='ocrx_word' id='word_1_24' title='bbox 1490 673 1648 734; x_wconf 87' lang='lat' dir='ltr'><strong><em>vivet</em></strong></span> <span class='ocrx_word' id='word_1_25' title='bbox 1687 673 1750 733; x_wconf 85' lang='lat' dir='ltr'><strong><em>in-</em></strong></span> <span class='ocrx_word' id='word_1_26' title='bbox 1789 695 1879 735; x_wconf 90' lang='lat' dir='ltr'><strong><em>ea.</em></strong></span> <span class='ocrx_word' id='word_1_27' title='bbox 1967 675 2233 738; x_wconf 82' lang='lat' dir='ltr'><strong><em>Necesse</em></strong></span> 
     </span>
     <span class='ocr_line' id='line_1_5' title="bbox 489 755 2234 839; baseline 0.001 -20"><span class='ocrx_word' id='word_1_28' title='bbox 489 768 581 819; x_wconf 81' lang='lat' dir='ltr'><strong><em>est</em></strong></span> <span class='ocrx_word' id='word_1_29' title='bbox 628 756 808 839; x_wconf 88' lang='lat' dir='ltr'><strong><em>igitur</em></strong></span> <span class='ocrx_word' id='word_1_30' title='bbox 851 755 1102 816; x_wconf 81' lang='lat' dir='ltr'><strong><em>discerni</em></strong></span> <span class='ocrx_word' id='word_1_31' title='bbox 1156 770 1416 839; x_wconf 87' lang='lat' dir='ltr'><strong><em>peccata,</em></strong></span> <span class='ocrx_word' id='word_1_32' title='bbox 1465 777 1598 836; x_wconf 84' lang='lat' dir='ltr'><strong><em>quae</em></strong></span> <span class='ocrx_word' id='word_1_33' title='bbox 1648 756 1706 816; x_wconf 92' lang='lat' dir='ltr'><strong><em>in</em></strong></span> <span class='ocrx_word' id='word_1_34' title='bbox 1751 757 1968 817; x_wconf 87' lang='lat' dir='ltr'><strong><em>sanctis</em></strong></span> <span class='ocrx_word' id='word_1_35' title='bbox 2011 756 2072 818; x_wconf 87' lang='lat' dir='ltr'><strong><em>in</em></strong></span> <span class='ocrx_word' id='word_1_36' title='bbox 2118 757 2234 820; x_wconf 84' lang='lat' dir='ltr'><strong><em>bac</em></strong></span> 
     </span>
     <span class='ocr_line' id='line_1_6' title="bbox 490 838 2235 921; baseline 0.002 -21"><span class='ocrx_word' id='word_1_37' title='bbox 490 839 727 900; x_wconf 80' lang='lat' dir='ltr'><strong><em>mortali</em></strong></span> <span class='ocrx_word' id='word_1_38' title='bbox 758 838 879 900; x_wconf 91' lang='lat' dir='ltr'><strong><em>vita</em></strong></span> <span class='ocrx_word' id='word_1_39' title='bbox 925 851 1188 912; x_wconf 87' lang='lat' dir='ltr'><strong><em>manent,</em></strong></span> <span class='ocrx_word' id='word_1_40' title='bbox 1222 862 1331 899; x_wconf 90' lang='lat' dir='ltr'><strong><em>nec</em></strong></span> <span class='ocrx_word' id='word_1_41' title='bbox 1374 839 1688 899; x_wconf 87' lang='lat' dir='ltr'><strong><em>excutiunt</em></strong></span> <span class='ocrx_word' id='word_1_42' title='bbox 1725 838 2015 921; x_wconf 90' lang='lat' dir='ltr'><strong><em>Spiritum</em></strong></span> <span class='ocrx_word' id='word_1_43' title='bbox 2048 839 2235 903; x_wconf 84' lang='lat' dir='ltr'><strong><em>Sano-</em></strong></span> 
     </span>
     <span class='ocr_line' id='line_1_7' title="bbox 488 921 2235 1003; baseline 0 -20"><span class='ocrx_word' id='word_1_44' title='bbox 488 934 641 996; x_wconf 90' lang='lat' dir='ltr'><strong><em>tum,</em></strong></span> <span class='ocrx_word' id='word_1_45' title='bbox 670 922 746 983; x_wconf 91' lang='lat' dir='ltr'><strong><em>ab</em></strong></span> <span class='ocrx_word' id='word_1_46' title='bbox 775 921 903 982; x_wconf 87' lang='lat' dir='ltr'><strong><em>aliis</em></strong></span> <span class='ocrx_word' id='word_1_47' title='bbox 946 921 1224 1002; x_wconf 85' lang='lat' dir='ltr'><strong><em>peccatis,</em></strong></span> <span class='ocrx_word' id='word_1_48' title='bbox 1253 934 1494 1003; x_wconf 90' lang='lat' dir='ltr'><strong><em>propter</em></strong></span> <span class='ocrx_word' id='word_1_49' title='bbox 1521 943 1654 1001; x_wconf 79' lang='lat' dir='ltr'><strong><em>quoe</em></strong></span> <span class='ocrx_word' id='word_1_50' title='bbox 1701 922 1884 982; x_wconf 87' lang='lat' dir='ltr'><strong><em>homo</em></strong></span> <span class='ocrx_word' id='word_1_51' title='bbox 1924 945 2123 984; x_wconf 86' lang='lat' dir='ltr'><strong><em>rursus</em></strong></span> <span class='ocrx_word' id='word_1_52' title='bbox 2162 923 2235 983; x_wconf 82' lang='lat' dir='ltr'><strong><em>fit</em></strong></span> 
     </span>
     <span class='ocr_line' id='line_1_8' title="bbox 487 1003 2232 1085; baseline 0.001 -19"><span class='ocrx_word' id='word_1_53' title='bbox 487 1026 622 1066; x_wconf 89' lang='lat' dir='ltr'><strong><em>reus</em></strong></span> <span class='ocrx_word' id='word_1_54' title='bbox 663 1005 762 1065; x_wconf 83' lang='lat' dir='ltr'><strong><em>iroe</em></strong></span> <span class='ocrx_word' id='word_1_55' title='bbox 804 1003 924 1063; x_wconf 90' lang='lat' dir='ltr'><strong><em>Dei</em></strong></span> <span class='ocrx_word' id='word_1_56' title='bbox 970 1014 1032 1063; x_wconf 92' lang='lat' dir='ltr'><strong><em>et</em></strong></span> <span class='ocrx_word' id='word_1_57' title='bbox 1069 1016 1420 1064; x_wconf 84' lang='lat' dir='ltr'><strong><em>aeternarum</em></strong></span> <span class='ocrx_word' id='word_1_58' title='bbox 1466 1025 1798 1085; x_wconf 88' lang='lat' dir='ltr'><strong><em>poenarum.</em></strong></span> <span class='ocrx_word' id='word_1_59' title='bbox 1884 1004 1969 1066; x_wconf 90' lang='lat' dir='ltr'><strong><em>Et</em></strong></span> <span class='ocrx_word' id='word_1_60' title='bbox 2012 1005 2232 1068; x_wconf 85' lang='lat' dir='ltr'><strong><em>Paulus</em></strong></span> 
     </span>
     <span class='ocr_line' id='line_1_9' title="bbox 486 1087 2230 1182; baseline -0.001 -33"><span class='ocrx_word' id='word_1_61' title='bbox 486 1087 771 1149; x_wconf 90' lang='lat' dir='ltr'><strong><em>discernit</em></strong></span> <span class='ocrx_word' id='word_1_62' title='bbox 794 1097 1112 1182; x_wconf 87' lang='lat' dir='ltr'><strong><em>peccatum</em></strong></span> <span class='ocrx_word' id='word_1_63' title='bbox 1145 1107 1418 1167; x_wconf 88' lang='lat' dir='ltr'><strong><em>regnans,</em></strong></span> <span class='ocrx_word' id='word_1_64' title='bbox 1438 1099 1499 1146; x_wconf 89' lang='lat' dir='ltr'><strong><em>et</em></strong></span> <span class='ocrx_word' id='word_1_65' title='bbox 1529 1108 1648 1145; x_wconf 94' lang='lat' dir='ltr'><strong><em>non</em></strong></span> <span class='ocrx_word' id='word_1_66' title='bbox 1681 1109 1967 1168; x_wconf 84' lang='lat' dir='ltr'><strong><em>regnans:</em></strong></span> <span class='ocrx_word' id='word_1_67' title='bbox 1998 1101 2061 1149; x_wconf 92' lang='lat' dir='ltr'><strong><em>et</em></strong></span> <span class='ocrx_word' id='word_1_68' title='bbox 2088 1087 2230 1150; x_wconf 88' lang='lat' dir='ltr'><strong><em>alibi</em></strong></span> 
     </span>
     <span class='ocr_line' id='line_1_10' title="bbox 488 1166 2234 1252; baseline 0.001 -21"><span class='ocrx_word' id='word_1_69' title='bbox 488 1169 703 1252; x_wconf 88' lang='lat' dir='ltr'><strong><em>inquit,</em></strong></span> <span class='ocrx_word' id='word_1_70' title='bbox 735 1168 804 1229; x_wconf 66' lang='lat' dir='ltr'><strong><em>Sa</em></strong></span> <span class='ocrx_word' id='word_1_71' title='bbox 841 1166 1165 1227; x_wconf 80' lang='lat' dir='ltr'><strong><em>secundum</em></strong></span> <span class='ocrx_word' id='word_1_72' title='bbox 1202 1188 1447 1228; x_wconf 80' lang='lat' dir='ltr'><strong><em>carnem</em></strong></span> <span class='ocrx_word' id='word_1_73' title='bbox 1487 1168 1719 1242; x_wconf 75' lang='lat' dir='ltr'><strong><em>vivetis,</em></strong></span> <span class='ocrx_word' id='word_1_74' title='bbox 1756 1171 2095 1232; x_wconf 86' lang='lat' dir='ltr'><strong><em>moriemini</em></strong></span> <span class='ocrx_word' id='word_1_75' title='bbox 2110 1195 2134 1231; x_wconf 82' lang='lat'><strong><em>.-</em></strong></span> <span class='ocrx_word' id='word_1_76' title='bbox 2176 1170 2234 1232; x_wconf 80' lang='lat' dir='ltr'><strong><em>si</em></strong></span> 
     </span>
     <span class='ocr_line' id='line_1_11' title="bbox 488 1249 2234 1329; baseline 0.001 -16"><span class='ocrx_word' id='word_1_77' title='bbox 488 1253 752 1313; x_wconf 80' lang='lat' dir='ltr'><strong><em>actiones</em></strong></span> <span class='ocrx_word' id='word_1_78' title='bbox 780 1249 984 1311; x_wconf 81' lang='lat' dir='ltr'><strong><em>carnis</em></strong></span> <span class='ocrx_word' id='word_1_79' title='bbox 1020 1249 1243 1329; x_wconf 71' lang='lat' dir='ltr'><strong><em>spiritu</em></strong></span> <span class='ocrx_word' id='word_1_80' title='bbox 1282 1250 1464 1310; x_wconf 83' lang='lat' dir='ltr'><strong><em>morti</em></strong></span> <span class='ocrx_word' id='word_1_81' title='bbox 1546 1250 1748 1324; x_wconf 72' lang='lat' dir='ltr'><strong><em>abilis,</em></strong></span> <span class='ocrx_word' id='word_1_82' title='bbox 1775 1252 2003 1314; x_wconf 75' lang='lat' dir='ltr'><strong><em>vivetis.</em></strong></span> <span class='ocrx_word' id='word_1_83' title='bbox 2085 1252 2234 1314; x_wconf 73' lang='lat' dir='ltr'><strong><em>Tn-</em></strong></span> 
     </span>
     <span class='ocr_line' id='line_1_12' title="bbox 485 1330 2233 1415; baseline 0.001 -20"><span class='ocrx_word' id='word_1_84' title='bbox 485 1334 576 1395; x_wconf 93' lang='lat' dir='ltr'><strong><em>dit</em></strong></span> <span class='ocrx_word' id='word_1_85' title='bbox 604 1345 805 1394; x_wconf 90' lang='lat' dir='ltr'><strong><em>autem</em></strong></span> <span class='ocrx_word' id='word_1_86' title='bbox 837 1330 1103 1415; x_wconf 89' lang='lat' dir='ltr'><strong><em>regulam</em></strong></span> <span class='ocrx_word' id='word_1_87' title='bbox 1137 1331 1197 1391; x_wconf 94' lang='lat' dir='ltr'><strong><em>in</em></strong></span> <span class='ocrx_word' id='word_1_88' title='bbox 1226 1330 1440 1413; x_wconf 89' lang='lat' dir='ltr'><strong><em>Episto</em></strong></span> <span class='ocrx_word' id='word_1_89' title='bbox 1468 1354 1502 1392; x_wconf 88' lang='lat' dir='ltr'><strong><em>a</em></strong></span> <span class='ocrx_word' id='word_1_90' title='bbox 1530 1331 1604 1392; x_wconf 93' lang='lat' dir='ltr'><strong><em>ad</em></strong></span> <span class='ocrx_word' id='word_1_91' title='bbox 1632 1332 2063 1395; x_wconf 81' lang='lat' dir='ltr'><strong><em>Timotheum:</em></strong></span> <span class='ocrx_word' id='word_1_92' title='bbox 2100 1334 2233 1396; x_wconf 73' lang='lat' dir='ltr'><strong><em>Ma·-</em></strong></span> 
     </span>
     <span class='ocr_line' id='line_1_13' title="bbox 487 1411 2236 1496; baseline 0 -17"><span class='ocrx_word' id='word_1_93' title='bbox 487 1417 601 1479; x_wconf 85' lang='lat' dir='ltr'><strong><em>lita</em></strong></span> <span class='ocrx_word' id='word_1_94' title='bbox 630 1417 844 1477; x_wconf 83' lang='lat' dir='ltr'><strong><em>bonam</em></strong></span> <span class='ocrx_word' id='word_1_95' title='bbox 887 1413 1186 1487; x_wconf 83' lang='lat' dir='ltr'><strong><em>militiam,</em></strong></span> <span class='ocrx_word' id='word_1_96' title='bbox 1214 1414 1480 1475; x_wconf 80' lang='lat' dir='ltr'><strong><em>retinens</em></strong></span> <span class='ocrx_word' id='word_1_97' title='bbox 1494 1411 1702 1496; x_wconf 77' lang='lat' dir='ltr'><strong><em>fidem</em></strong></span> <span class='ocrx_word' id='word_1_98' title='bbox 1747 1423 1806 1476; x_wconf 90' lang='lat' dir='ltr'><strong><em>et</em></strong></span> <span class='ocrx_word' id='word_1_99' title='bbox 1844 1416 2059 1478; x_wconf 84' lang='lat' dir='ltr'><strong><em>bonam</em></strong></span> <span class='ocrx_word' id='word_1_100' title='bbox 2096 1438 2236 1479; x_wconf 75' lang='lat' dir='ltr'><strong><em>con-</em></strong></span> 
     </span>
     <span class='ocr_line' id='line_1_14' title="bbox 484 1496 2233 1578; baseline 0 -17"><span class='ocrx_word' id='word_1_101' title='bbox 484 1500 816 1561; x_wconf 78' lang='lat' dir='ltr'><strong><em>scientiam.</em></strong></span> <span class='ocrx_word' id='word_1_102' title='bbox 888 1497 1046 1559; x_wconf 90' lang='lat' dir='ltr'><strong><em>Cum</em></strong></span> <span class='ocrx_word' id='word_1_103' title='bbox 1073 1496 1255 1578; x_wconf 90' lang='lat' dir='ltr'><strong><em>igitur</em></strong></span> <span class='ocrx_word' id='word_1_104' title='bbox 1285 1497 1560 1557; x_wconf 87' lang='lat' dir='ltr'><strong><em>homines</em></strong></span> <span class='ocrx_word' id='word_1_105' title='bbox 1591 1520 1711 1557; x_wconf 92' lang='lat' dir='ltr'><strong><em>non</em></strong></span> <span class='ocrx_word' id='word_1_106' title='bbox 1740 1499 1999 1560; x_wconf 80' lang='lat' dir='ltr'><strong><em>retinent</em></strong></span> <span class='ocrx_word' id='word_1_107' title='bbox 2026 1498 2233 1575; x_wconf 86' lang='lat' dir='ltr'><strong><em>fidem,</em></strong></span> 
     </span>
     <span class='ocr_line' id='line_1_15' title="bbox 486 1579 2234 1664; baseline 0 -20"><span class='ocrx_word' id='word_1_108' title='bbox 486 1582 589 1644; x_wconf 86' lang='lat' dir='ltr'><strong><em>sed</em></strong></span> <span class='ocrx_word' id='word_1_109' title='bbox 621 1582 880 1663; x_wconf 83' lang='lat' dir='ltr'><strong><em>aliquam</em></strong></span> <span class='ocrx_word' id='word_1_110' title='bbox 914 1579 1288 1641; x_wconf 86' lang='lat' dir='ltr'><strong><em>fundamenti</em></strong></span> <span class='ocrx_word' id='word_1_111' title='bbox 1332 1591 1587 1663; x_wconf 87' lang='lat' dir='ltr'><strong><em>partem,</em></strong></span> <span class='ocrx_word' id='word_1_112' title='bbox 1618 1579 1677 1642; x_wconf 93' lang='lat' dir='ltr'><strong><em>id</em></strong></span> <span class='ocrx_word' id='word_1_113' title='bbox 1708 1595 1816 1656; x_wconf 90' lang='lat' dir='ltr'><strong><em>est,</em></strong></span> <span class='ocrx_word' id='word_1_114' title='bbox 1845 1582 2107 1664; x_wconf 85' lang='lat' dir='ltr'><strong><em>aliquem</em></strong></span> <span class='ocrx_word' id='word_1_115' title='bbox 2138 1605 2234 1644; x_wconf 90' lang='lat' dir='ltr'><strong><em>ar-</em></strong></span> 
     </span>
     <span class='ocr_line' id='line_1_16' title="bbox 485 1662 2233 1741; baseline 0 -14"><span class='ocrx_word' id='word_1_116' title='bbox 485 1665 741 1727; x_wconf 90' lang='lat' dir='ltr'><strong><em>ticulum</em></strong></span> <span class='ocrx_word' id='word_1_117' title='bbox 772 1663 931 1738; x_wconf 86' lang='lat' dir='ltr'><strong><em>fidei,</em></strong></span> <span class='ocrx_word' id='word_1_118' title='bbox 958 1663 1081 1723; x_wconf 87' lang='lat' dir='ltr'><strong><em>sive</em></strong></span> <span class='ocrx_word' id='word_1_119' title='bbox 1109 1662 1379 1735; x_wconf 88' lang='lat' dir='ltr'><strong><em>scientes,</em></strong></span> <span class='ocrx_word' id='word_1_120' title='bbox 1409 1663 1531 1724; x_wconf 88' lang='lat' dir='ltr'><strong><em>sive</em></strong></span> <span class='ocrx_word' id='word_1_121' title='bbox 1559 1686 1754 1724; x_wconf 90' lang='lat' dir='ltr'><strong><em>errore</em></strong></span> <span class='ocrx_word' id='word_1_122' title='bbox 1793 1665 2100 1741; x_wconf 85' lang='lat' dir='ltr'><strong><em>amittunt,</em></strong></span> <span class='ocrx_word' id='word_1_123' title='bbox 2126 1676 2233 1727; x_wconf 86' lang='lat' dir='ltr'><strong><em>aut</em></strong></span> 
     </span>
     <span class='ocr_line' id='line_1_17' title="bbox 486 1745 2232 1829; baseline 0 -19"><span class='ocrx_word' id='word_1_124' title='bbox 486 1748 644 1810; x_wconf 91' lang='lat' dir='ltr'><strong><em>idola</em></strong></span> <span class='ocrx_word' id='word_1_125' title='bbox 674 1747 1026 1829; x_wconf 88' lang='lat' dir='ltr'><strong><em>adprobant,</em></strong></span> <span class='ocrx_word' id='word_1_126' title='bbox 1058 1749 1152 1822; x_wconf 92' lang='lat' dir='ltr'><strong><em>(ut</em></strong></span> <span class='ocrx_word' id='word_1_127' title='bbox 1181 1745 1355 1806; x_wconf 90' lang='lat' dir='ltr'><strong><em>multi</em></strong></span> <span class='ocrx_word' id='word_1_128' title='bbox 1386 1746 1488 1826; x_wconf 92' lang='lat' dir='ltr'><strong><em>qui</em></strong></span> <span class='ocrx_word' id='word_1_129' title='bbox 1519 1746 1681 1807; x_wconf 87' lang='lat' dir='ltr'><strong><em>falsis</em></strong></span> <span class='ocrx_word' id='word_1_130' title='bbox 1713 1746 2099 1829; x_wconf 70' lang='lat' dir='ltr'><strong><em>dogmatibus</em></strong></span> <span class='ocrx_word' id='word_1_131' title='bbox 2127 1747 2232 1810; x_wconf 87' lang='lat' dir='ltr'><strong><em>de-</em></strong></span> 
     </span>
     <span class='ocr_line' id='line_1_18' title="bbox 486 1830 2232 1915; baseline -0.001 -22"><span class='ocrx_word' id='word_1_132' title='bbox 486 1831 835 1915; x_wconf 90' lang='lat' dir='ltr'><strong><em>cipiuntur,)</em></strong></span> <span class='ocrx_word' id='word_1_133' title='bbox 872 1841 976 1890; x_wconf 87' lang='lat' dir='ltr'><strong><em>aut</em></strong></span> <span class='ocrx_word' id='word_1_134' title='bbox 1017 1850 1138 1888; x_wconf 89' lang='lat' dir='ltr'><strong><em>non</em></strong></span> <span class='ocrx_word' id='word_1_135' title='bbox 1183 1839 1519 1905; x_wconf 75' lang='lat' dir='ltr'><strong><em>sustentant</em></strong></span> <span class='ocrx_word' id='word_1_136' title='bbox 1545 1851 1608 1889; x_wconf 89' lang='lat' dir='ltr'><strong><em>se</em></strong></span> <span class='ocrx_word' id='word_1_137' title='bbox 1635 1830 2042 1892; x_wconf 81' lang='lat' dir='ltr'><strong><em>consolatione</em></strong></span> <span class='ocrx_word' id='word_1_138' title='bbox 2071 1830 2232 1906; x_wconf 83' lang='lat' dir='ltr'><strong><em>fidei,</em></strong></span> 
     </span>
     <span class='ocr_line' id='line_1_19' title="bbox 486 1910 2231 1995; baseline 0.001 -20"><span class='ocrx_word' id='word_1_139' title='bbox 486 1914 589 1975; x_wconf 86' lang='lat' dir='ltr'><strong><em>sed</em></strong></span> <span class='ocrx_word' id='word_1_140' title='bbox 647 1925 1003 1995; x_wconf 81' lang='lat' dir='ltr'><strong><em>superantur</em></strong></span> <span class='ocrx_word' id='word_1_141' title='bbox 1056 1910 1433 1971; x_wconf 88' lang='lat' dir='ltr'><strong><em>dubitatione</em></strong></span> <span class='ocrx_word' id='word_1_142' title='bbox 1491 1922 1595 1972; x_wconf 89' lang='lat' dir='ltr'><strong><em>aut</em></strong></span> <span class='ocrx_word' id='word_1_143' title='bbox 1649 1910 2080 1995; x_wconf 80' lang='lat' dir='ltr'><strong><em>desperatione,</em></strong></span> <span class='ocrx_word' id='word_1_144' title='bbox 2126 1926 2231 1976; x_wconf 88' lang='lat' dir='ltr'><strong><em>aut</em></strong></span> 
     </span>
     <span class='ocr_line' id='line_1_20' title="bbox 484 1993 2232 2075; baseline -0.001 -17"><span class='ocrx_word' id='word_1_145' title='bbox 484 1997 711 2058; x_wconf 89' lang='lat' dir='ltr'><strong><em>violant</em></strong></span> <span class='ocrx_word' id='word_1_146' title='bbox 755 1995 945 2055; x_wconf 86' lang='lat' dir='ltr'><strong><em>ullum</em></strong></span> <span class='ocrx_word' id='word_1_147' title='bbox 986 2015 1175 2075; x_wconf 84' lang='lat' dir='ltr'><strong><em>praece</em></strong></span> <span class='ocrx_word' id='word_1_148' title='bbox 1221 2005 1349 2053; x_wconf 89' lang='lat' dir='ltr'><strong><em>tum</em></strong></span> <span class='ocrx_word' id='word_1_149' title='bbox 1380 1993 1502 2053; x_wconf 90' lang='lat' dir='ltr'><strong><em>Dei</em></strong></span> <span class='ocrx_word' id='word_1_150' title='bbox 1541 2004 1747 2054; x_wconf 82' lang='lat' dir='ltr'><strong><em>contra</em></strong></span> <span class='ocrx_word' id='word_1_151' title='bbox 1782 1995 2232 2072; x_wconf 76' lang='lat' dir='ltr'><strong><em>conscientiam,</em></strong></span> 
     </span>
     <span class='ocr_line' id='line_1_21' title="bbox 485 2015 2230 2159; baseline -0.001 -18"><span class='ocrx_word' id='word_1_152' title='bbox 485 2078 801 2141; x_wconf 88' lang='lat' dir='ltr'><strong><em>effundunt</em></strong></span> <span class='ocrx_word' id='word_1_153' title='bbox 829 2076 1122 2159; x_wconf 89' lang='lat' dir='ltr'><strong><em>Spiritum</em></strong></span> <span class='ocrx_word' id='word_1_154' title='bbox 1153 2015 1464 2150; x_wconf 48' lang='lat' dir='ltr'><strong><em>semotum,</em></strong></span> <span class='ocrx_word' id='word_1_155' title='bbox 1491 2087 1553 2136; x_wconf 91' lang='lat' dir='ltr'><strong><em>et</em></strong></span> <span class='ocrx_word' id='word_1_156' title='bbox 1581 2098 1782 2138; x_wconf 90' lang='lat' dir='ltr'><strong><em>rursus</em></strong></span> <span class='ocrx_word' id='word_1_157' title='bbox 1811 2078 1969 2139; x_wconf 83' lang='lat' dir='ltr'><strong><em>fiunt</em></strong></span> <span class='ocrx_word' id='word_1_158' title='bbox 2005 2078 2090 2139; x_wconf 86' lang='lat' dir='ltr'><strong><em>rei</em></strong></span> <span class='ocrx_word' id='word_1_159' title='bbox 2124 2078 2230 2140; x_wconf 79' lang='lat' dir='ltr'><strong><em>irae</em></strong></span> 
     </span>
     <span class='ocr_line' id='line_1_22' title="bbox 483 2158 2231 2242; baseline 0 -18"><span class='ocrx_word' id='word_1_160' title='bbox 483 2162 624 2234; x_wconf 91' lang='lat' dir='ltr'><strong><em>Dei,</em></strong></span> <span class='ocrx_word' id='word_1_161' title='bbox 652 2173 714 2221; x_wconf 90' lang='lat' dir='ltr'><strong><em>et</em></strong></span> <span class='ocrx_word' id='word_1_162' title='bbox 755 2181 952 2242; x_wconf 86' lang='lat' dir='ltr'><strong><em>poenae</em></strong></span> <span class='ocrx_word' id='word_1_163' title='bbox 993 2170 1267 2220; x_wconf 84' lang='lat' dir='ltr'><strong><em>oeternae:</em></strong></span> <span class='ocrx_word' id='word_1_164' title='bbox 1311 2170 1372 2219; x_wconf 88' lang='lat' dir='ltr'><strong><em>et</em></strong></span> <span class='ocrx_word' id='word_1_165' title='bbox 1417 2158 1527 2219; x_wconf 87' lang='lat' dir='ltr'><strong><em>nisi</em></strong></span> <span class='ocrx_word' id='word_1_166' title='bbox 1578 2160 1685 2220; x_wconf 81' lang='lat' dir='ltr'><strong><em>fiat</em></strong></span> <span class='ocrx_word' id='word_1_167' title='bbox 1726 2161 2055 2235; x_wconf 74' lang='lat' dir='ltr'><strong><em>conversio,</em></strong></span> <span class='ocrx_word' id='word_1_168' title='bbox 2081 2162 2231 2224; x_wconf 84' lang='lat' dir='ltr'><strong><em>tales</em></strong></span> 
     </span>
     <span class='ocr_line' id='line_1_23' title="bbox 486 2240 2230 2325; baseline -0.001 -18"><span class='ocrx_word' id='word_1_169' title='bbox 486 2245 807 2307; x_wconf 90' lang='lat' dir='ltr'><strong><em>morientes</em></strong></span> <span class='ocrx_word' id='word_1_170' title='bbox 858 2240 1221 2322; x_wconf 87' lang='lat' dir='ltr'><strong><em>abjiciuntur</em></strong></span> <span class='ocrx_word' id='word_1_171' title='bbox 1266 2241 1327 2301; x_wconf 93' lang='lat' dir='ltr'><strong><em>in</em></strong></span> <span class='ocrx_word' id='word_1_172' title='bbox 1374 2253 1624 2302; x_wconf 87' lang='lat' dir='ltr'><strong><em>aeternas</em></strong></span> <span class='ocrx_word' id='word_1_173' title='bbox 1672 2264 1905 2325; x_wconf 89' lang='lat' dir='ltr'><strong><em>poenas.</em></strong></span> <span class='ocrx_word' id='word_1_174' title='bbox 1986 2243 2088 2306; x_wconf 92' lang='lat' dir='ltr'><strong><em>De</em></strong></span> <span class='ocrx_word' id='word_1_175' title='bbox 2136 2244 2230 2306; x_wconf 86' lang='lat' dir='ltr'><strong><em>his</em></strong></span> 
     </span>
     <span class='ocr_line' id='line_1_24' title="bbox 485 2323 2232 2409; baseline 0.001 -20"><span class='ocrx_word' id='word_1_176' title='bbox 485 2328 681 2409; x_wconf 90' lang='lat' dir='ltr'><strong><em>inquit</em></strong></span> <span class='ocrx_word' id='word_1_177' title='bbox 711 2326 947 2399; x_wconf 89' lang='lat' dir='ltr'><strong><em>Paulus,</em></strong></span> <span class='ocrx_word' id='word_1_178' title='bbox 978 2325 1049 2386; x_wconf 83' lang='lat' dir='ltr'><strong><em>Si</em></strong></span> <span class='ocrx_word' id='word_1_179' title='bbox 1088 2323 1413 2386; x_wconf 79' lang='lat' dir='ltr'><strong><em>secandum</em></strong></span> <span class='ocrx_word' id='word_1_180' title='bbox 1457 2346 1699 2386; x_wconf 85' lang='lat' dir='ltr'><strong><em>carnem</em></strong></span> <span class='ocrx_word' id='word_1_181' title='bbox 1739 2326 1970 2400; x_wconf 79' lang='lat' dir='ltr'><strong><em>vivetis,</em></strong></span> <span class='ocrx_word' id='word_1_182' title='bbox 2011 2328 2232 2390; x_wconf 82' lang='lat' dir='ltr'><strong><em>morie-</em></strong></span> 
     </span>
     <span class='ocr_line' id='line_1_25' title="bbox 484 2407 2230 2484; baseline 0 -12"><span class='ocrx_word' id='word_1_183' title='bbox 484 2412 651 2472; x_wconf 84' lang='lat' dir='ltr'><strong><em>mini.</em></strong></span> <span class='ocrx_word' id='word_1_184' title='bbox 735 2409 820 2470; x_wconf 84' lang='lat' dir='ltr'><strong><em>Et</em></strong></span> <span class='ocrx_word' id='word_1_185' title='bbox 857 2421 878 2468; x_wconf 90' lang='lat'>1</span> <span class='ocrx_word' id='word_1_186' title='bbox 920 2408 1057 2469; x_wconf 93' lang='lat' dir='ltr'><strong><em>Cor.</em></strong></span> <span class='ocrx_word' id='word_1_187' title='bbox 1087 2407 1163 2468; x_wconf 90' lang='lat' dir='ltr'><strong><em>vi.</em></strong></span> <span class='ocrx_word' id='word_1_188' title='bbox 1194 2407 1330 2469; x_wconf 86' lang='lat' dir='ltr'><strong><em>Nec</em></strong></span> <span class='ocrx_word' id='word_1_189' title='bbox 1369 2415 1751 2482; x_wconf 72' lang='lat' dir='ltr'><strong><em>scortatoreS,</em></strong></span> <span class='ocrx_word' id='word_1_190' title='bbox 1791 2431 1902 2471; x_wconf 85' lang='lat' dir='ltr'><strong><em>nec</em></strong></span> <span class='ocrx_word' id='word_1_191' title='bbox 1942 2410 2230 2484; x_wconf 80' lang='lat' dir='ltr'><strong><em>adulteri,</em></strong></span> 
     </span>
     <span class='ocr_line' id='line_1_26' title="bbox 484 2490 2231 2573; baseline 0.001 -19"><span class='ocrx_word' id='word_1_192' title='bbox 484 2515 595 2554; x_wconf 83' lang='lat' dir='ltr'><strong><em>nec</em></strong></span> <span class='ocrx_word' id='word_1_193' title='bbox 639 2490 990 2564; x_wconf 84' lang='lat' dir='ltr'><strong><em>idololatrae,</em></strong></span> <span class='ocrx_word' id='word_1_194' title='bbox 1028 2492 1137 2551; x_wconf 70' lang='grc' dir='ltr'><strong><em>διο.</em></strong></span> <span class='ocrx_word' id='word_1_195' title='bbox 1182 2490 1568 2572; x_wconf 76' lang='lat' dir='ltr'><strong><em>possidebunt</em></strong></span> <span class='ocrx_word' id='word_1_196' title='bbox 1611 2512 1870 2573; x_wconf 80' lang='lat' dir='ltr'><strong><em>regnum</em></strong></span> <span class='ocrx_word' id='word_1_197' title='bbox 1913 2492 2059 2554; x_wconf 89' lang='lat' dir='ltr'><strong><em>Dei.</em></strong></span> <span class='ocrx_word' id='word_1_198' title='bbox 2146 2492 2231 2554; x_wconf 86' lang='lat' dir='ltr'><strong><em>Et</em></strong></span> 
     </span>
     <span class='ocr_line' id='line_1_27' title="bbox 474 2572 2230 2657; baseline 0.001 -21"><span class='ocrx_word' id='word_1_199' title='bbox 474 2577 888 2657; x_wconf 87' lang='lat' dir='ltr'><strong><em>juramentum</em></strong></span> <span class='ocrx_word' id='word_1_200' title='bbox 933 2573 1089 2633; x_wconf 89' lang='lat' dir='ltr'><strong><em>clarc</em></strong></span> <span class='ocrx_word' id='word_1_201' title='bbox 1131 2572 1310 2633; x_wconf 83' lang='lat' dir='ltr'><strong><em>dicit:</em></strong></span> <span class='ocrx_word' id='word_1_202' title='bbox 1362 2572 1430 2633; x_wconf 92' lang='lat' dir='ltr'><em>V</em></span> <span class='ocrx_word' id='word_1_203' title='bbox 1424 2574 1517 2633; x_wconf 89' lang='lat' dir='ltr'><strong><em>ivo</em></strong></span> <span class='ocrx_word' id='word_1_204' title='bbox 1559 2595 1690 2656; x_wconf 83' lang='lat' dir='ltr'><strong><em>ega,</em></strong></span> <span class='ocrx_word' id='word_1_205' title='bbox 1728 2574 1878 2635; x_wconf 87' lang='lat' dir='ltr'><strong><em>dicit</em></strong></span> <span class='ocrx_word' id='word_1_206' title='bbox 1906 2575 2230 2649; x_wconf 76' lang='lat' dir='ltr'><strong><em>Dominus,</em></strong></span> 
     </span>
     <span class='ocr_line' id='line_1_28' title="bbox 484 2655 2228 2736; baseline 0.001 -17"><span class='ocrx_word' id='word_1_207' title='bbox 484 2658 621 2719; x_wconf 80' lang='lat' dir='ltr'><strong><em>nolo</em></strong></span> <span class='ocrx_word' id='word_1_208' title='bbox 650 2665 900 2717; x_wconf 86' lang='lat' dir='ltr'><strong><em>mortem</em></strong></span> <span class='ocrx_word' id='word_1_209' title='bbox 927 2656 1286 2736; x_wconf 67' lang='lat' dir='ltr'><strong><em>peccatori-5,</em></strong></span> <span class='ocrx_word' id='word_1_210' title='bbox 1312 2655 1424 2715; x_wconf 87' lang='lat' dir='ltr'><strong><em>sed</em></strong></span> <span class='ocrx_word' id='word_1_211' title='bbox 1447 2663 1516 2716; x_wconf 81' lang='lat' dir='ltr'><strong><em>ut</em></strong></span> <span class='ocrx_word' id='word_1_212' title='bbox 1545 2665 1932 2719; x_wconf 83' lang='lat' dir='ltr'><strong><em>convertatur</em></strong></span> <span class='ocrx_word' id='word_1_213' title='bbox 1960 2666 2020 2719; x_wconf 83' lang='lat' dir='ltr'><strong><em>et</em></strong></span> <span class='ocrx_word' id='word_1_214' title='bbox 2044 2659 2228 2721; x_wconf 82' lang='lat' dir='ltr'><strong><em>vivat.</em></strong></span> 
     </span>
     <span class='ocr_line' id='line_1_29' title="bbox 486 2738 2230 2821; baseline 0 -18"><span class='ocrx_word' id='word_1_215' title='bbox 486 2742 560 2803; x_wconf 93' lang='lat' dir='ltr'><strong><em>In</em></strong></span> <span class='ocrx_word' id='word_1_216' title='bbox 594 2739 941 2821; x_wconf 88' lang='lat' dir='ltr'><strong><em>juramento</em></strong></span> <span class='ocrx_word' id='word_1_217' title='bbox 1029 2749 1180 2798; x_wconf 85' lang='lat' dir='ltr'><strong><em>artes</em></strong></span> <span class='ocrx_word' id='word_1_218' title='bbox 1223 2738 1359 2798; x_wconf 85' lang='lat' dir='ltr'><strong><em>duae</em></strong></span> <span class='ocrx_word' id='word_1_219' title='bbox 1402 2738 1696 2821; x_wconf 82' lang='lat' dir='ltr'><strong><em>copulatoe</em></strong></span> <span class='ocrx_word' id='word_1_220' title='bbox 1736 2753 1894 2814; x_wconf 88' lang='lat' dir='ltr'><strong><em>sunt,</em></strong></span> <span class='ocrx_word' id='word_1_221' title='bbox 1922 2741 2230 2803; x_wconf 79' lang='lat' dir='ltr'><strong><em>conversio</em></strong></span> 
     </span>
     <span class='ocr_line' id='line_1_30' title="bbox 485 2761 2231 2902; baseline 0 -17"><span class='ocrx_word' id='word_1_222' title='bbox 485 2835 547 2885; x_wconf 91' lang='lat' dir='ltr'><strong><em>et</em></strong></span> <span class='ocrx_word' id='word_1_223' title='bbox 575 2823 715 2883; x_wconf 90' lang='lat' dir='ltr'><strong><em>vita.</em></strong></span> <span class='ocrx_word' id='word_1_224' title='bbox 803 2761 1070 2883; x_wconf 53' lang='lat' dir='ltr'><strong><em>Postulat</em></strong></span> <span class='ocrx_word' id='word_1_225' title='bbox 1098 2819 1288 2895; x_wconf 90' lang='lat' dir='ltr'><strong><em>Deus,</em></strong></span> <span class='ocrx_word' id='word_1_226' title='bbox 1316 2832 1378 2880; x_wconf 91' lang='lat' dir='ltr'><strong><em>et</em></strong></span> <span class='ocrx_word' id='word_1_227' title='bbox 1419 2820 1661 2901; x_wconf 88' lang='lat' dir='ltr'><strong><em>quidem</em></strong></span> <span class='ocrx_word' id='word_1_228' title='bbox 1692 2821 2061 2902; x_wconf 88' lang='lat' dir='ltr'><strong><em>juramento,</em></strong></span> <span class='ocrx_word' id='word_1_229' title='bbox 2088 2845 2231 2886; x_wconf 89' lang='lat' dir='ltr'><strong><em>con-</em></strong></span> 
     </span>
     <span class='ocr_line' id='line_1_31' title="bbox 484 2903 2231 2986; baseline 0 -18"><span class='ocrx_word' id='word_1_230' title='bbox 484 2905 838 2968; x_wconf 79' lang='lat' dir='ltr'><strong><em>versionem.</em></strong></span> <span class='ocrx_word' id='word_1_231' title='bbox 924 2904 1125 2973; x_wconf 87' lang='lat' dir='ltr'><strong><em>Quare</em></strong></span> <span class='ocrx_word' id='word_1_232' title='bbox 1172 2926 1290 2964; x_wconf 91' lang='lat' dir='ltr'><strong><em>non</em></strong></span> <span class='ocrx_word' id='word_1_233' title='bbox 1338 2903 1577 2986; x_wconf 89' lang='lat' dir='ltr'><strong><em>placent</em></strong></span> <span class='ocrx_word' id='word_1_234' title='bbox 1626 2904 1680 2965; x_wconf 88' lang='lat' dir='ltr'><strong><em>ei</em></strong></span> <span class='ocrx_word' id='word_1_235' title='bbox 1728 2906 2050 2968; x_wconf 88' lang='lat' dir='ltr'><strong><em>retinentes</em></strong></span> <span class='ocrx_word' id='word_1_236' title='bbox 2138 2928 2231 2968; x_wconf 92' lang='lat' dir='ltr'><strong><em>ro-</em></strong></span> 
     </span>
     <span class='ocr_line' id='line_1_32' title="bbox 484 2929 2228 3080; baseline 0.002 -31"><span class='ocrx_word' id='word_1_237' title='bbox 484 2989 750 3074; x_wconf 90' lang='lat' dir='ltr'><strong><em>positum</em></strong></span> <span class='ocrx_word' id='word_1_238' title='bbox 810 2985 1115 3070; x_wconf 88' lang='lat' dir='ltr'><strong><em>peccandi.</em></strong></span> <span class='ocrx_word' id='word_1_239' title='bbox 1200 2986 1682 3080; x_wconf 83' lang='lat' dir='ltr'><strong><em>Complectimur</em></strong></span> <span class='ocrx_word' id='word_1_240' title='bbox 1730 3002 1932 3050; x_wconf 88' lang='lat' dir='ltr'><strong><em>autem</em></strong></span> <span class='ocrx_word' id='word_1_241' title='bbox 1991 2989 2051 3050; x_wconf 90' lang='lat' dir='ltr'><strong><em>in</em></strong></span> <span class='ocrx_word' id='word_1_242' title='bbox 2092 2929 2228 3052; x_wconf 52' lang='lat' dir='ltr'><strong><em>zoe</em></strong></span> 
     </span>
     <span class='ocr_line' id='line_1_33' title="bbox 486 3069 2230 3152; baseline 0 -18"><span class='ocrx_word' id='word_1_243' title='bbox 486 3093 756 3146; x_wconf 90' lang='lat' dir='ltr'><strong><em>numero,</em></strong></span> <span class='ocrx_word' id='word_1_244' title='bbox 784 3082 845 3131; x_wconf 91' lang='lat' dir='ltr'><strong><em>et</em></strong></span> <span class='ocrx_word' id='word_1_245' title='bbox 882 3080 1127 3152; x_wconf 88' lang='lat' dir='ltr'><strong><em>peccata</em></strong></span> <span class='ocrx_word' id='word_1_246' title='bbox 1164 3069 1504 3130; x_wconf 78' lang='lat' dir='ltr'><strong><em>omissionis</em></strong></span> <span class='ocrx_word' id='word_1_247' title='bbox 1540 3069 1868 3146; x_wconf 79' lang='lat' dir='ltr'><strong><em>adfectatae,</em></strong></span> <span class='ocrx_word' id='word_1_248' title='bbox 1899 3070 1959 3133; x_wconf 89' lang='lat' dir='ltr'><strong><em>id</em></strong></span> <span class='ocrx_word' id='word_1_249' title='bbox 1989 3084 2099 3148; x_wconf 89' lang='lat' dir='ltr'><strong><em>est,</em></strong></span> <span class='ocrx_word' id='word_1_250' title='bbox 2126 3071 2230 3134; x_wconf 87' lang='lat' dir='ltr'><strong><em>ad-</em></strong></span> 
     </span>
     <span class='ocr_line' id='line_1_34' title="bbox 485 3151 2226 3238; baseline 0 -21"><span class='ocrx_word' id='word_1_251' title='bbox 485 3157 766 3217; x_wconf 89' lang='lat' dir='ltr'><strong><em>fectatam</em></strong></span> <span class='ocrx_word' id='word_1_252' title='bbox 814 3151 1242 3234; x_wconf 86' lang='lat' dir='ltr'><strong><em>negligentiam</em></strong></span> <span class='ocrx_word' id='word_1_253' title='bbox 1288 3153 1345 3212; x_wconf 92' lang='lat' dir='ltr'><strong><em>in</em></strong></span> <span class='ocrx_word' id='word_1_254' title='bbox 1391 3152 1608 3227; x_wconf 85' lang='lat' dir='ltr'><strong><em>officio,</em></strong></span> <span class='ocrx_word' id='word_1_255' title='bbox 1636 3175 1770 3234; x_wconf 84' lang='lat' dir='ltr'><strong><em>quae</em></strong></span> <span class='ocrx_word' id='word_1_256' title='bbox 1814 3167 2045 3238; x_wconf 85' lang='lat' dir='ltr'><strong><em>pugnat</em></strong></span> <span class='ocrx_word' id='word_1_257' title='bbox 2085 3177 2226 3217; x_wconf 88' lang='lat' dir='ltr'><strong><em>cum</em></strong></span> 
     </span>
     <span class='ocr_line' id='line_1_35' title="bbox 484 3232 2229 3320; baseline 0 -21"><span class='ocrx_word' id='word_1_258' title='bbox 484 3238 680 3300; x_wconf 86' lang='lat' dir='ltr'><strong><em>dicto:</em></strong></span> <span class='ocrx_word' id='word_1_259' title='bbox 724 3236 864 3298; x_wconf 85' lang='lat' dir='ltr'><strong><em>Hoc</em></strong></span> <span class='ocrx_word' id='word_1_260' title='bbox 911 3235 1269 3318; x_wconf 79' lang='lat' dir='ltr'><strong><em>requiritur,</em></strong></span> <span class='ocrx_word' id='word_1_261' title='bbox 1311 3243 1379 3296; x_wconf 79' lang='lat' dir='ltr'><strong><em>ut</em></strong></span> <span class='ocrx_word' id='word_1_262' title='bbox 1402 3232 1640 3317; x_wconf 81' lang='lat' dir='ltr'><strong><em>fideles</em></strong></span> <span class='ocrx_word' id='word_1_263' title='bbox 1678 3237 1867 3299; x_wconf 80' lang='lat' dir='ltr'><strong><em>simus</em></strong></span> <span class='ocrx_word' id='word_1_264' title='bbox 1884 3262 1914 3302; x_wconf 81' lang='grc'><strong><em>.·,</em></strong></span> <span class='ocrx_word' id='word_1_265' title='bbox 1949 3249 2012 3300; x_wconf 89' lang='lat' dir='ltr'><strong><em>et</em></strong></span> <span class='ocrx_word' id='word_1_266' title='bbox 2059 3237 2229 3320; x_wconf 84' lang='lat' dir='ltr'><strong><em>igno·</em></strong></span> 
     </span>
     <span class='ocr_line' id='line_1_36' title="bbox 485 3317 2225 3399; baseline -0.001 -17"><span class='ocrx_word' id='word_1_267' title='bbox 485 3321 736 3382; x_wconf 89' lang='lat' dir='ltr'><strong><em>rantiam</em></strong></span> <span class='ocrx_word' id='word_1_268' title='bbox 770 3317 1148 3391; x_wconf 87' lang='lat' dir='ltr'><strong><em>adfectatam,</em></strong></span> <span class='ocrx_word' id='word_1_269' title='bbox 1169 3317 1363 3399; x_wconf 88' lang='lat' dir='ltr'><strong><em>qualis</em></strong></span> <span class='ocrx_word' id='word_1_270' title='bbox 1391 3331 1482 3379; x_wconf 89' lang='lat' dir='ltr'><strong><em>est</em></strong></span> <span class='ocrx_word' id='word_1_271' title='bbox 1504 3318 1860 3393; x_wconf 75' lang='lat' dir='ltr'><strong><em>pharisaica,</em></strong></span> <span class='ocrx_word' id='word_1_272' title='bbox 1886 3332 1950 3382; x_wconf 91' lang='lat' dir='ltr'><strong><em>et</em></strong></span> <span class='ocrx_word' id='word_1_273' title='bbox 1978 3318 2225 3382; x_wconf 62' lang='lat' dir='ltr'><strong><em>infinito</em></strong></span> 
     </span>
     <span class='ocr_line' id='line_1_37' title="bbox 488 3400 2222 3483; baseline -0.002 -19"><span class='ocrx_word' id='word_1_274' title='bbox 488 3401 909 3472; x_wconf 86' lang='lat' dir='ltr'><strong><em>multitudiuis,</em></strong></span> <span class='ocrx_word' id='word_1_275' title='bbox 954 3423 1087 3483; x_wconf 83' lang='lat' dir='ltr'><strong><em>quoe</em></strong></span> <span class='ocrx_word' id='word_1_276' title='bbox 1132 3422 1330 3463; x_wconf 87' lang='lat' dir='ltr'><strong><em>veram</em></strong></span> <span class='ocrx_word' id='word_1_277' title='bbox 1382 3400 1668 3464; x_wconf 69' lang='lat' dir='ltr'><strong><em>Ecclesia».</em></strong></span> <span class='ocrx_word' id='word_1_278' title='bbox 1716 3401 2049 3464; x_wconf 86' lang='lat' dir='ltr'><strong><em>doctrinam</em></strong></span> <span class='ocrx_word' id='word_1_279' title='bbox 2101 3420 2222 3461; x_wconf 91' lang='lat' dir='ltr'><strong><em>non</em></strong></span> 
     </span>
     <span class='ocr_line' id='line_1_38' title="bbox 486 3481 2219 3566; baseline -0.001 -22"><span class='ocrx_word' id='word_1_280' title='bbox 486 3485 685 3546; x_wconf 84' lang='lat' dir='ltr'><strong><em>studet</em></strong></span> <span class='ocrx_word' id='word_1_281' title='bbox 726 3484 1041 3565; x_wconf 85' lang='lat' dir='ltr'><strong><em>inquirere,</em></strong></span> <span class='ocrx_word' id='word_1_282' title='bbox 1069 3494 1132 3544; x_wconf 90' lang='lat' dir='ltr'><strong><em>et</em></strong></span> <span class='ocrx_word' id='word_1_283' title='bbox 1179 3483 1380 3566; x_wconf 88' lang='lat' dir='ltr'><strong><em>ignara</em></strong></span> <span class='ocrx_word' id='word_1_284' title='bbox 1423 3484 1638 3546; x_wconf 89' lang='lat' dir='ltr'><strong><em>retinet</em></strong></span> <span class='ocrx_word' id='word_1_285' title='bbox 1684 3484 1860 3559; x_wconf 89' lang='lat' dir='ltr'><strong><em>idola,</em></strong></span> <span class='ocrx_word' id='word_1_286' title='bbox 1895 3494 2000 3546; x_wconf 86' lang='lat' dir='ltr'><strong><em>aut</em></strong></span> <span class='ocrx_word' id='word_1_287' title='bbox 2037 3481 2219 3543; x_wconf 86' lang='lat' dir='ltr'><strong><em>etiam</em></strong></span> 
     </span>
     <span class='ocr_line' id='line_1_39' title="bbox 485 3564 1851 3646; baseline 0.001 -20"><span class='ocrx_word' id='word_1_288' title='bbox 485 3567 770 3627; x_wconf 76' lang='lat' dir='ltr'><strong><em>saevitiain</em></strong></span> <span class='ocrx_word' id='word_1_289' title='bbox 803 3565 1045 3646; x_wconf 83' lang='lat' dir='ltr'><strong><em>adjuvat</em></strong></span> <span class='ocrx_word' id='word_1_290' title='bbox 1074 3565 1133 3627; x_wconf 92' lang='lat' dir='ltr'><strong><em>in</em></strong></span> <span class='ocrx_word' id='word_1_291' title='bbox 1164 3564 1507 3628; x_wconf 88' lang='lat' dir='ltr'><strong><em>defensione</em></strong></span> <span class='ocrx_word' id='word_1_292' title='bbox 1537 3566 1851 3628; x_wconf 90' lang='lat' dir='ltr'><strong><em>idolorum.</em></strong></span> 
     </span>
    </p>

    <p class='ocr_par' dir='ltr' id='par_1_3' title="bbox 571 3645 2221 3731">
     <span class='ocr_line' id='line_1_40' title="bbox 571 3645 2221 3731; baseline 0.001 -23"><span class='ocrx_word' id='word_1_293' title='bbox 571 3647 822 3709; x_wconf 88' lang='lat' dir='ltr'><strong><em>Dictum</em></strong></span> <span class='ocrx_word' id='word_1_294' title='bbox 854 3660 943 3709; x_wconf 89' lang='lat' dir='ltr'><strong><em>est</em></strong></span> <span class='ocrx_word' id='word_1_295' title='bbox 971 3647 1047 3709; x_wconf 89' lang='lat' dir='ltr'><strong><em>de</em></strong></span> <span class='ocrx_word' id='word_1_296' title='bbox 1075 3648 1359 3730; x_wconf 81' lang='lat' dir='ltr'><strong><em>lapsibus,</em></strong></span> <span class='ocrx_word' id='word_1_297' title='bbox 1386 3648 1606 3729; x_wconf 84' lang='lat' dir='ltr'><strong><em>quibus</em></strong></span> <span class='ocrx_word' id='word_1_298' title='bbox 1637 3646 1937 3709; x_wconf 80' lang='lat' dir='ltr'><strong><em>excutitur</em></strong></span> <span class='ocrx_word' id='word_1_299' title='bbox 1962 3645 2221 3731; x_wconf 86' lang='lat' dir='ltr'><strong><em>Spiritus</em></strong></span> 
     </span>
    </p>
   </div>
   <div class='ocr_carea' id='block_1_3' title="bbox 2365 3415 2415 3463">
    <p class='ocr_par' dir='ltr' id='par_1_4' title="bbox 2365 3415 2415 3463">
     <span class='ocr_line' id='line_1_41' title="bbox 2365 3415 2415 3463; baseline 0 -6"><span class='ocrx_word' id='word_1_300' title='bbox 2365 3415 2415 3463; x_wconf 48' lang='lat' dir='ltr'><strong><em>A?</em></strong></span> 
     </span>
    </p>
   </div>
   <div class='ocr_carea' id='block_1_4' title="bbox 2385 3479 2407 3643">
    <p class='ocr_par' dir='ltr' id='par_1_5' title="bbox 2385 3479 2407 3643">
     <span class='ocr_line' id='line_1_42' title="bbox 2385 3479 2407 3643; baseline 0 0"><span class='ocrx_word' id='word_1_301' title='bbox 2385 3479 2407 3643; x_wconf 68' lang='grc' dir='ltr'><strong><em>Ξ</em></strong></span> 
     </span>
    </p>
   </div>
  </div>
 </body>
</html>
