2418 4172
791 383 1262 438 SAXONICA.
1785 387 1892 442 237

137 525 360 610 digne,
388 537 450 587 et
489 527 683 610 plenoe
724 526 1009 598 sordium,
1027 527 1208 607 juxta
1251 525 1435 587 illud:
1479 523 1681 585 Nulla
1723 547 1884 588 nunc

132 607 557 672 ’condemnatio
596 619 686 671 est
723 611 817 672 his
854 612 964 695 qui
999 611 1064 671 in
1100 609 1342 671 Christo
1367 607 1524 669 Jem
1554 607 1885 670 ambulant.

138 690 491 754 Absurdum
521 708 612 755 est
640 694 843 763 etiam,
867 692 1028 774 quod
1057 692 1287 762 dicunt,
1315 702 1532 752 nostrae
1562 689 1884 771 indignita-

135 773 216 835 tis
245 795 423 837 causa
451 774 851 837 dubitandum
888 797 1033 835 esse.
1104 773 1250 833 Non
1283 773 1445 834 enim
1477 773 1877 834 dubitandum

135 868 229 919 est
270 879 346 919 an
388 858 701 940 displiceat
742 856 1085 939 indignitas,
1114 855 1216 916 sed
1250 856 1399 916 veris
1435 856 1759 937 gemitibus
1799 857 1883 916 fa-

134 950 374 1001 teamur
429 961 537 1000 nos
588 939 865 1022 indignos
914 961 1059 1013 esse,
1101 951 1162 999 et
1209 962 1240 999 a
1288 960 1583 1021 ponamus
1632 940 1883 1021 promis-

127 1020 387 1096 sionem,
414 1023 512 1084 cui
543 1022 822 1084 adsentiri
854 1022 1205 1083 mandatum
1303 1023 1355 1083 ei
1387 1033 1494 1083 est.
1566 1022 1701 1083 Nec
1726 1035 1883 1083 recte

132 1104 633 1169 accommodatur.
666 1106 737 1167 ad
783 1106 940 1166 hanc
982 1105 1441 1179 dubitationem,
1477 1105 1771 1166 sententia
1822 1106 1881 1165 in

131 1185 500 1251 Ecclesiaste
529 1189 610 1249 ix.
640 1188 857 1250 Nescit
894 1189 1083 1263 homo,
1111 1211 1192 1250 an
1230 1209 1435 1249 amore
1460 1188 1559 1250 vel
1584 1189 1717 1249 odio
1747 1188 1882 1271 dig-

132 1287 254 1333 nus
277 1271 379 1333 eit.
462 1271 749 1333 Amentia
778 1284 867 1332 est
897 1274 1122 1354 fingere
1144 1271 1530 1332 Salomonem
1564 1272 1679 1332 hoc
1708 1272 1878 1345 velle,

134 1375 247 1415 nec
276 1353 482 1428 ‘ustos,
511 1377 622 1416 nec
653 1355 902 1434 injustos
931 1354 1147 1415 debere
1174 1366 1451 1429 statuere,
1481 1377 1554 1415 an
1584 1355 1880 1437 placeant,

134 1457 213 1498 an
253 1376 608 1520 displiceant
648 1437 817 1498 Deo:
861 1460 1002 1499 cum
1045 1437 1443 1499 certissimum
1486 1438 1582 1510 sit,
1612 1459 1883 1531 perseve-

133 1530 334 1581 rantes
378 1519 441 1580 in
484 1521 805 1582 sceleribus
849 1534 1054 1581 contra
1094 1521 1541 1594 conscientiam,
1570 1520 1883 1603 displicere

133 1600 291 1663 Deo.
360 1602 480 1663 Sed
511 1602 755 1664 abducit
785 1625 892 1663 nos
914 1603 1202 1663 Salomon
1235 1625 1269 1662 a
1299 1603 1652 1684 spectaculis
1682 1617 1878 1663 exter-

132 1681 230 1745 nis
264 1682 337 1745 ud
370 1686 618 1745 verbum
647 1685 787 1755 Dei,
816 1684 985 1765 quasi
1021 1685 1218 1745 dicat:
1262 1683 1361 1744 Ex
1391 1686 1566 1744 rebus
1597 1684 1874 1744 secundis
1966 1747 1968 1749 ,

132 1786 256 1827 non
285 1777 511 1827 statuas
541 1778 601 1827 te
629 1768 863 1848 placere
891 1767 1046 1837 De0,
1069 1788 1181 1826 nec
1210 1779 1455 1848 propter
1482 1788 1574 1826 res
1607 1766 1877 1826 adversas

130 1846 465 1932 displicere.
547 1848 693 1909 Non
725 1849 859 1909 ideo
889 1849 1086 1932 placet
1114 1848 1473 1921 Alexander,
1501 1848 1641 1928 quia
1671 1849 1880 1919 vincit,

131 1943 196 1993 et
237 1952 457 2015 magno
500 1932 754 2015 imperio
797 1933 1056 2014 potitur:
1098 1933 1223 1994 Job
1263 1932 1321 1992 in
1364 1932 1724 2006 calamitate,
1756 1931 1882 1992 Da-

130 2013 235 2075 vid
275 2014 338 2075 in
381 2015 581 2087 exilio,
611 2037 733 2075 non
777 2015 912 2075 ideo
954 2026 1228 2076 statuunt
1271 2038 1333 2075 se
1377 2015 1640 2093 abjectos
1679 2037 1807 2075 esse
1848 2037 1881 2076 a

132 2096 290 2172 Dec,
318 2098 460 2178 quia
503 2109 644 2158 sunt
685 2097 1023 2158 aerumnosi.
1109 2098 1254 2157 Non
1297 2119 1371 2157 ex
1418 2098 1511 2157 his
1550 2098 1882 2172 eventibuS,

134 2200 242 2241 seu
277 2181 540 2241 externis
578 2181 932 2274 spectaculis
959 2179 1255 2260 judicent,
1284 2179 1386 2240 sed
1421 2201 1495 2239 ex
1529 2182 1712 2241 verbo
1741 2180 1881 2242 Dei.

132 2262 340 2324 Etiam
370 2262 431 2323 in
462 2263 661 2324 media
682 2264 1024 2325 calamitate
1047 2262 1287 2323 affertur
1313 2263 1673 2323 consolatio:
1725 2263 1883 2324 Vivo

8 2407 11 2410 ,
134 2365 266 2430 ego,
291 2345 431 2407 nolo
459 2355 709 2408 mortem
730 2346 1089 2427 peccator-215,
1118 2348 1227 2407 &c.
1315 2346 1419 2406 Sic
1447 2345 1626 2406 Deus
1663 2346 1879 2407 dilexit

4 2430 23 2483 Ϊ
133 2428 441 2503 Μάνη,
477 2438 548 2490 ut
582 2429 814 2490 Filium
854 2430 1238 2512 unigenitum
1280 2429 1532 2502 dederit,
1573 2437 1642 2489 ut
1690 2430 1881 2491 omnis

228 2513 243 2527 ⁰
278 2512 474 2573 credit
509 2514 574 2574 in
613 2534 767 2587 eum,
794 2535 913 2574 non
946 2520 1181 2594 pereat,
1209 2513 1319 2572 διο.
1401 2511 1685 2593 Denique
1722 2534 1882 2572 error

132 2528 924 2679 glendubitationesprorsus
969 2595 1214 2656 ethnica
1259 2594 1612 2676 imaginatio
1655 2607 1764 2669 est,
1809 2617 1878 2656 ac

133 2677 534 2760 Evangelium
558 2680 777 2752 abolet,
798 2690 860 2740 et
883 2680 945 2739 in
968 2678 1354 2740 conversione
1377 2700 1578 2739 veram
1610 2679 1880 2739 consola-

136 2761 363 2820 tionem
396 2761 468 2821 iis
497 2763 599 2842 qui
631 2762 899 2823 sentiunt
926 2762 1073 2822 iram
1106 2761 1226 2822 Dei
1258 2760 1488 2821 adimit.

218 2840 494 2903 Doeendi
532 2855 673 2905 sunt
708 2845 908 2927 potius
952 2845 1247 2915 homines,
1280 2845 1434 2903 hanc
1469 2854 1631 2903 certo
1667 2864 1876 2902 vocem

136 2922 451 3007 Evangelii
478 2947 607 2987 esse
636 2939 704 2988 ut
733 2927 887 2988 Filio
914 2927 1033 2988 Dei
1072 2927 1404 2999 credamus,
1433 2949 1501 2986 ac
1546 2936 1879 2986 statuamus

136 3007 391 3089 gratiam
418 3009 742 3070 exuberare
769 3032 947 3093 supra
975 3022 1288 3092 peccatum
1311 3033 1325 3069 :
1370 3009 1626 3088 ideoque
1668 3029 1883 3090 repug-

137 3110 352 3151 nemus
388 3089 767 3166 dubitationi,
794 3102 856 3153 εἴ
892 3094 1242 3167 eluctemur,
1271 3102 1333 3152 et
1361 3091 1478 3152 fide
1512 3112 1645 3150 eam
1680 3090 1882 3151 vinca-

137 3191 293 3247 mus,
322 3183 391 3233 ut
416 3173 695 3236 accedere
723 3175 798 3236 ad
828 3174 1055 3250 Deum,
1084 3176 1357 3237 invocare
1384 3196 1544 3246 eum,
1573 3185 1634 3232 et
1662 3173 1714 3232 ei
1748 3194 1879 3253 gra-

136 3254 249 3315 tias
353 3276 451 3316 ere
478 3257 794 3339 possimus.
879 3258 967 3319 Hi
1012 3259 1232 3318 summi
1277 3257 1474 3318 cultus
1522 3255 1880 3316 horribiliter

30 3343 50 3408 ‘j
135 3337 219 3398 im
348 3338 571 3412 iuntur,
633 3339 1114 3421 quandocunque
1185 3339 1370 3400 animi
1451 3337 1877 3399 concutiuntur

0 3431 63 3477 ψ’.
134 3419 417 3482 fluctibus
485 3420 953 3497 dubitationum,
1015 3433 1084 3482 ut
1152 3421 1522 3503 experientia
1596 3420 1873 3482 ostendit.

103 3501 308 3577 „Hinc
347 3504 730 3587 perspicuum
779 3516 889 3580 est,
930 3525 1115 3586 quare
1156 3503 1463 3564 decretum
1508 3501 1876 3566 Tridentinae

137 3583 371 3682 modi,
426 3586 590 3669 quod
645 3589 963 3682 confirmat
1027 3608 1284 3648 errorem
1350 3585 1426 3647 de
1484 3584 1877 3662 dubitatione,

139 3677 331 3730 ἴδια-ι
357 3691 600 3735 necesse
628 3681 724 3732 sit.
1648 3749 1665 3756 Ω

1010 3774 1038 3813 ⁸
1629 3802 1641 3811 .
1669 3769 1701 3784 κ
