2418 4172
788 416 1268 472 SAXONICA.
1795 415 1894 470 291

158 559 246 623 ire
285 558 361 621 ad
405 560 626 622 scelera
662 570 753 621 est
789 575 1068 621 excutere
1097 558 1322 629 Deum,
1350 569 1411 616 et
1451 574 1682 614 rursum
1724 555 1900 616 amit-

156 652 282 703 tere
308 641 608 722 justitiam
638 654 700 704 et
729 643 936 715 vitam,
962 643 1121 702 sicut
1146 641 1326 701 Joan.
1356 635 1586 717 inquit:
1638 635 1766 699 Qui
1770 636 1893 714 fiz-

154 725 241 785 cie
264 724 585 807 justitiam
611 725 829 807 justus
877 733 965 784 est
988 748 1011 784 .·
1068 723 1177 806 qui
1206 721 1389 804 facit
1433 724 1772 799 peccatum,
1824 740 1895 778 ea·

153 805 422 870 Diabolo
466 816 573 869 est.
659 805 1068 867 Recitavimus
1115 814 1316 864 autem
1368 822 1544 881 supra
1591 820 1889 860 summam

153 887 439 951 doctrinae
465 888 543 950 de
570 909 724 949 nova
751 885 1109 947 obedientia.

730 1050 1330 1092 ...4.-

615 1185 826 1248 XVII.
857 1184 960 1247 De
989 1183 1437 1270 Sathsactimae.

156 1280 479 1377 QUALE
516 1325 656 1364 vero
693 1304 876 1364 cbaos
919 1304 996 1363 sit
1033 1304 1323 1364 doctrinae
1362 1304 1438 1364 de
1480 1303 1896 1364 satisfactioni-

154 1386 288 1460 bus,
316 1408 467 1468 quas
509 1386 824 1447 nominant
865 1408 1044 1468 opera
1086 1386 1373 1460 indebita,
1403 1386 1627 1447 indicta
1670 1387 1746 1446 ab
1776 1385 1897 1445 Ec-

154 1468 351 1542 clesia,
395 1468 645 1550 longum
694 1479 850 1528 esset
897 1490 1218 1543 recensere,
1258 1484 1319 1528 et
1362 1469 1537 1551 pauci
1584 1478 1721 1529 ante
1764 1468 1897 1528 baec

153 1561 280 1612 tem
364 1572 428 1611 ra
470 1550 911 1612 intellexerunt.
995 1550 1138 1610 Non
1187 1550 1533 1612 dubitamus
1585 1562 1783 1611 autem
1833 1550 1896 1609 in

306 1632 445 1693 esiis
485 1632 699 1693 nostris
737 1644 798 1692 et
839 1642 1029 1692 totam
1062 1632 1218 1692 hanc
1246 1645 1479 1715 partem
1509 1654 1646 1692 vere
1673 1644 1735 1691 et
1808 1653 1899 1690 er-

154 1714 361 1798 spinue
401 1734 475 1775 ex
561 1714 735 1774 sitam
780 1735 924 1773 esse.
1012 1713 1153 1773 Fuit
1195 1735 1324 1773 mos
1364 1714 1574 1795 primis
1610 1654 1896 1795 patribus,

151 1812 256 1857 em
305 1795 410 1876 qui
468 1736 827 1868 Kgmicidiis,
870 1794 1062 1867 idolis,
1105 1805 1208 1855 aut
1256 1795 1497 1855 incestis
1544 1794 1896 1854 libidinibus

149 1876 367 1962 polluti
394 1876 655 1950 fuerunt,
682 1898 880 1937 arcere
909 1898 943 1936 a
973 1898 1079 1936 sua
1113 1876 1565 1951 consuetudine,
1595 1888 1655 1936 et
1694 1876 1899 1958 praeci-

150 1980 272 2044 pue
297 1981 333 2021 a
359 1959 684 2020 sacrificiis.
758 1958 947 2019 Hunc
972 1981 1198 2019 morem
1225 1972 1287 2019 et
1309 1982 1615 2041 synagoga
1636 1959 1899 2030 retinuit,

151 2052 215 2103 et
252 2041 625 2103 retinuerunt
662 2041 724 2101 in
756 2041 898 2101 Asia
935 2052 995 2100 et
1027 2042 1261 2102 Graecia
1289 2053 1350 2102 et
1378 2042 1507 2102 aliae
1537 2052 1744 2124 gentes
1776 2063 1894 2101 non

152 2145 394 2207 prorsus
422 2124 630 2184 efferae.
717 2123 955 2183 Interea
982 2123 1198 2204 polluti
1229 2146 1303 2184 va
1345 2126 1617 2198 abantur,
1647 2124 1903 2185 circum-

153 2205 278 2268 dati
309 2206 494 2288 signis
522 2216 753 2266 reatus:
795 2215 866 2264 ut
892 2204 1091 2287 vagati
1126 2218 1265 2266 sunt
1300 2146 1562 2277 grestes,
1592 2206 1901 2274 Adrastus,

154 2299 220 2350 et
246 2288 346 2350 alii
377 2288 573 2349 multi.
658 2287 849 2348 Hunc
892 2309 1119 2348 morem
1165 2288 1339 2348 initio
1367 2300 1430 2348 et
1457 2288 1729 2349 Ecclesia
1765 2288 1905 2347 reti-

154 2371 310 2432 nuit.
395 2370 663 2432 Pollutos
720 2370 958 2430 arcebat
1021 2392 1056 2431 a
1120 2370 1574 2431 communione.
1661 2369 1904 2430 Deinde

155 2463 399 2536 agentes
441 2452 887 2535 poenitentiam,
931 2463 1001 2512 ut
1049 2452 1303 2534 intelligi
1352 2463 1554 2535 posset
1598 2453 1751 2513 serio
1800 2474 1902 2512 eos

153 2547 359 2620 petere
390 2535 651 2607 veniam,
679 2546 741 2595 et
768 2546 837 2595 ut
865 2534 1215 2617 exemplum
1257 2535 1388 2596 aliis
1425 2534 1752 2617 prodesset,
1779 2556 1901 2594 non

155 2618 358 2681 subito
385 2617 731 2700 recipiebat,
761 2616 864 2677 sed
896 2616 1125 2697 aliquot
1153 2617 1365 2678 diebus
1405 2618 1701 2678 absolutio
1738 2616 1903 2677 diffe-

155 2701 415 2775 rebatur,
462 2712 534 2761 ut
587 2699 829 2782 publice
885 2710 1159 2782 petentes
1216 2700 1719 2783 conspicerentur.
1809 2699 1902 2758 Ita

158 2781 510 2843 Corinthius
549 2782 811 2843 incestus
845 2793 1096 2857 arcetur,
1126 2794 1188 2843 et
1215 2794 1421 2864 postea
1451 2805 1570 2843 non
1603 2783 1731 2842 sine
1759 2780 1905 2840 deli-

158 2864 464 2924 beratione
491 2865 793 2947 recipitur.

241 2944 371 3007 Hic
412 2956 573 3007 totus
614 2968 747 3007 mos
789 2948 1053 3030 exempli
1093 2971 1268 3010 causa
1309 2948 1670 3009 constitutus
1707 2956 1815 3016 est,
1843 2956 1904 3005 et

158 3027 442 3111 politicus
485 3039 595 3103 est,
635 3028 790 3089 nihil
838 3031 1086 3091 omnino
1130 3032 1436 3114 pertinens
1485 3030 1555 3089 ad
1609 3028 1905 3088 remissio-

160 3131 300 3171 nem
351 3122 754 3193 peccatorum.
823 3105 1044 3173 Crevit
1094 3125 1294 3174 autem
1348 3112 1565 3172 deinde
1623 3111 1907 3192 supersti-

161 3192 344 3266 tione,
372 3203 442 3254 ut
476 3192 875 3255 indicerentur
900 3194 1150 3275 jejunia,
1180 3196 1541 3256 abstinentia
1579 3218 1612 3253 a
1649 3193 1905 3274 conjuge

160 3275 369 3336 multis
407 3275 594 3336 annis.
682 3275 835 3337 Haec
876 3299 1055 3337 onera
1092 3300 1232 3338 cum
1277 3277 1534 3337 nimium
1568 3275 1907 3349 crevissent,

160 3357 428 3451 episcopi
473 3379 543 3418 ea
588 3379 787 3418 rursus
832 3358 1123 3427 laxarunt.
1211 3359 1370 3419 Haec
1416 3359 1641 3418 laxatio
1694 3357 1901 3419 talium

52 3460 61 3498 ·,
160 3450 384 3501 rituum
445 3439 866 3501 nominabatur
921 3440 1313 3523 indulgentia.
1403 3440 1638 3501 Harum
1708 3462 1907 3500 rerum

161 3521 471 3583 historiam
524 3544 661 3583 cum
715 3523 997 3583 monachi
1043 3545 1163 3583 non
1207 3522 1671 3595 considerarent,
1717 3524 1911 3584 finxe-

22 3650 49 3694 .'
161 3615 302 3665 runt
339 3604 464 3665 fieri
506 3605 1056 3686 compensationem
1097 3626 1300 3688 poenoe
1338 3616 1573 3666 oeternoe
1602 3605 1664 3665 in
1695 3625 1909 3688 poenas

31 3702 65 3759 ,²4-
163 3687 506 3768 purgatorii‚
534 3700 594 3747 et
634 3689 696 3747 in
743 3686 884 3747 alias
927 3710 1138 3770 poenas
1178 3687 1358 3766 hujus
1387 3688 1545 3750 vitoe.
1630 3686 1715 3783 Et
1746 3687 1913 3749 addi·

75 3783 77 3787 '
986 3790 1026 3829 υ
1060 3782 1095 3830 2
