2418 4172
422 367 493 422 70
1058 363 1542 419 CONFESSIO

415 508 686 588 jubetur,
734 507 898 588 quod
947 508 1006 568 in
1061 507 1358 568 mandatis
1416 509 1598 568 habet
1648 530 1680 568 a
1731 530 1839 568 suo
1884 506 2177 568 Domino.

427 591 511 653 Et
538 591 599 652 in
630 590 906 674 praesenti
946 590 1083 671 quis
1113 590 1188 651 sit
1219 589 1523 652 Dominus
1562 591 1937 672 exprimitur,
1966 589 2178 651 Chris-

427 686 545 749 tus,
586 674 682 735 cui
728 674 787 733 in
833 673 1116 734 omnibus
1169 673 1481 733 ministerii
1526 673 1781 753 negotiis
1825 685 1965 732 sunt
2009 694 2180 733 man-

426 757 607 839 cipati
656 755 930 816 ministri.
1017 755 1243 835 Adjicit
1287 767 1569 837 praeterea
1611 775 1735 834 quo
1778 754 2176 816 ministerium

428 840 664 923 plenius
694 839 994 922 explanet,
1027 838 1327 899 ministros
1356 837 1640 910 ecclesiae,
1669 857 2021 896 oeconomos
2049 857 2181 897 esse

429 922 518 982 vel
560 922 997 1005 dispensatores
1037 920 1456 1003 mysteriorum
1494 919 1633 980 Dei.
1719 918 2014 1000 Mysteria
2039 939 2181 979 vero

428 1004 547 1066 Dei
594 1004 799 1064 multis
844 1004 902 1063 in
948 1002 1433 1084 locis,imprimis
1481 1001 1555 1061 ad
1589 1001 1818 1083 Ephes.
1850 1001 1930 1061 iii.
1977 1000 2183 1083 appel-

429 1087 570 1148 lavit
621 1087 841 1147 Paulus
900 1086 1275 1165 evangelium
1332 1084 1579 1144 Christi.
1668 1084 1965 1166 Mysteria
2022 1105 2183 1144 nun-

429 1170 674 1252 cupavit
714 1169 894 1228 etiam
928 1179 1191 1227 vetustas
1222 1166 1448 1226 Christi
1481 1178 1869 1227 sacramenta.
1924 1165 2181 1228 Proinde

432 1253 494 1312 in
542 1253 656 1311 hoc
700 1263 840 1310 sunt
868 1249 1060 1309 vocati
1101 1249 1356 1310 ministri
1396 1249 1663 1310 ecclesiae
1694 1261 1762 1310 ut
1798 1272 1906 1310 eva
1993 1249 2181 1310 elium

430 1334 656 1394 Christi
690 1332 1056 1393 annuncient
1096 1324 1393 1405 fidelibus,
1411 1343 1472 1391 et
1501 1343 1872 1392 sacramenta
1975 1331 2180 1392 minis-

429 1427 607 1477 trent.
691 1414 855 1475 Alibi
888 1414 1047 1474 enim
1075 1414 1330 1495 legimus
1353 1414 1412 1474 in
1442 1414 1754 1496 evangelio
1769 1413 1955 1475 Lueoe
1986 1412 2184 1475 xii.de

435 1498 597 1559 fideli
638 1520 809 1558 servo
846 1509 906 1557 et
950 1495 1266 1579 prudente,
1296 1496 1458 1578 quod
1503 1519 1641 1557 eum
1690 1497 1997 1558 Dominus
2039 1518 2184 1558 eon-

435 1581 631 1642 stituit
661 1602 727 1640 su
776 1602 840 1640 er
867 1579 1158 1640 familiam
1203 1601 1396 1653 suam,
1426 1590 1494 1640 ut
1528 1591 1802 1662 tempore
1839 1591 2185 1663 opportuno

432 1664 537 1723 det
578 1663 631 1722 ei
677 1602 880 1723 ciiium
927 1683 1123 1721 suum.
1212 1662 1445 1721 Rursus
1496 1662 1894 1745 proficiscitur
1940 1662 2082 1723 alibi
2118 1661 2184 1723 in

433 1767 583 1806 evan
630 1745 747 1804 elio
786 1766 1031 1826 peregre
1077 1744 1281 1817 homo,
1318 1743 1661 1824 relinquens
1705 1744 1979 1818 domum,
2015 1756 2078 1806 et
2118 1744 2184 1805 in

435 1829 549 1889 hae
578 1767 683 1888 gat
712 1827 892 1887 servis
915 1826 1037 1886 suis
1060 1838 1421 1908 potestatem
1445 1828 1536 1887 vel
1562 1826 1958 1888 substantiam
1990 1848 2184 1902 suam,

432 1923 494 1971 et
523 1932 698 1971 suum
731 1909 952 1991 cuique
981 1911 1174 1991 opus.'

515 1994 702 2054 Nune
738 2014 880 2075 ergo
909 1991 1228 2052 commode
1264 1992 1535 2053 dicemus
1575 1993 1756 2053 etiam
1797 1992 2076 2074 quaedam
2105 1992 2184 2055 de

428 2087 725 2159 potestate
763 2089 824 2135 et
861 2073 1059 2135 officio
1103 2074 1508 2135 ministrorum
1562 2074 1845 2136 ecelesiae.
1931 2074 2032 2136 De
2076 2097 2186 2159 po-

429 2170 643 2219 testate
683 2158 797 2217 hac
837 2157 1143 2239 operosius
1181 2157 1427 2238 quidam
1469 2157 1872 2240 disputarunt,
1900 2156 2186 2220 subdide-

428 2253 689 2322 runtque
719 2262 840 2300 suae
870 2240 1150 2322 potestati
1181 2240 1385 2301 omnia
1415 2240 1475 2300 in
1508 2241 1676 2301 terris
1713 2262 1973 2316 summa,
2002 2240 2187 2323 idque

429 2335 636 2385 contra
675 2321 1026 2383 mandatum
1060 2322 1334 2397 Domini,
1365 2324 1469 2405 qui
1515 2324 1636 2383 suis
1670 2322 2011 2384 dominium
2046 2346 2187 2407 pro·

432 2406 648 2479 hibuit,
678 2405 1083 2466 humilitatem
1118 2416 1317 2466 autem
1352 2406 1762 2488 maximopere
1798 2405 2187 2469 commenda-

430 2488 535 2561 vit,
568 2488 719 2548 Luc.
753 2487 897 2548 xxii.
936 2487 1164 2548 Matth.
1193 2488 1356 2548 xviii.
1387 2509 1489 2548 xx.
1536 2488 1764 2548 Revera
1788 2488 1902 2549 alia
1932 2488 2182 2571 quidem

510 2582 691 2630 testas
726 2582 817 2630 est
852 2592 1015 2630 mera
1044 2582 1105 2631 et
1144 2570 1439 2644 absoluta,
1470 2592 1604 2651 quoe
1643 2583 1704 2631 et
1734 2570 1890 2651 juris
1917 2583 2183 2633 vocatur.

427 2593 520 2714 E
552 2664 850 2735 potestate
878 2652 1124 2713 Christo
1152 2653 1425 2714 Domino
1464 2654 1875 2715 universorum
1913 2653 2185 2716 sub‘ecta

429 2746 571 2796 sunt
603 2734 841 2795 omnia:
886 2734 1059 2796 sicuti
1107 2736 1233 2818 ipse
1277 2747 1529 2797 testatus
1569 2748 1659 2796 est
1697 2748 1760 2797 et
1794 2736 1967 2813 dixit,
2076 2745 2186 2799 ata

431 2826 521 2879 est
559 2818 709 2879 mihi
741 2825 1013 2900 potestas
1040 2818 1103 2878 in
1134 2817 1283 2879 coelo
1327 2827 1385 2879 et
1428 2820 1489 2879 in
1540 2827 1728 2880 terra.
1816 2819 1900 2881 Et
1941 2819 2184 2895 iterum,

432 2901 572 2984 Ego
609 2922 742 2963 sum
774 2901 1013 2982 primus
1050 2909 1108 2962 et
1147 2901 1520 2975 novissima-5,
1549 2924 1683 2963 ecce
1718 2924 1851 2964 sum
1878 2904 2084 2966 vivens
2118 2903 2186 2965 in

431 2983 639 3046 secula
671 2983 1030 3058 seculorum,
1061 2992 1120 3045 et
1155 2984 1342 3046 liabeo
1370 2983 1569 3047 claves
1597 2983 1832 3070 infer-ni
1869 2994 1930 3048 et
1955 2986 2184 3048 mmis.

433 3067 613 3141 Item,
637 3066 777 3149 Ipse
806 3067 986 3129 habet
1014 3066 1241 3129 clavem
1270 3068 1501 3141 David,
1530 3069 1638 3152 qui
1672 3069 1892 3150 aperit,
1921 3077 1982 3131 et
2013 3090 2187 3132 nemo

432 3149 683 3223 claudit,
704 3149 955 3223 claudit,
985 3158 1044 3211 et
1071 3171 1244 3212 nemo
1273 3172 1311 3211 a
1353 3153 1490 3225 erit,
1510 3151 1738 3213 Matth.
1760 3152 1967 3214 xxviii.
1990 3153 2183 3237 Apoc.

433 3232 469 3291 i.
495 3233 575 3293 iii.
649 3232 835 3294 Hanc
854 3241 1221 3315 potestatem
1247 3235 1304 3296 si
1343 3235 1365 3296 i
1389 3243 1592 3297 servat
1624 3234 1950 3311 Dominus,
1978 3256 2091 3297 nec
2116 3235 2184 3296 in

433 3315 622 3376 alium
650 3338 986 3399 quenquam
1023 3315 1343 3402 transfert,
1372 3327 1441 3379 ut
1478 3319 1604 3400 ipse
1642 3313 1924 3400 deinceps
1957 3318 2183 3380 otiosus

434 3399 753 3473 assis-mist
797 3400 1106 3461 erantibus
1127 3401 1425 3463 ministris
1443 3409 1766 3483 spectator.
1808 3400 1996 3463 Isaias
2016 3398 2177 3460 enim

437 3479 515 3539 ix.
546 3481 688 3540 xxii.
766 3482 971 3543 'lavem
999 3483 1210 3545 domus
1240 3484 1471 3558 David,
1502 3484 1718 3567 inquit,
1737 3502 1960 3566 ponam
1993 3502 2183 3566 cuper

432 3560 745 3623 humerum
803 3566 949 3645 eju-5.
1036 3565 1119 3628 Et
1170 3567 1409 3642 iterum,
1445 3566 1638 3649 &jus
1683 3564 2005 3648 imperium
2063 3565 2182 3628 erit

427 3665 612 3726 super
642 3644 954 3707 humerum
986 3647 1132 3727 ejus.
1205 3649 1367 3710 Nam
1406 3648 1901 3731 gubernationem
1935 3669 2055 3710 non
2090 3648 2181 3710 in·
