2418 4172
441 358 512 418 76
1070 356 1557 411 CONFESSIO

439 513 549 574 est,
593 502 675 562 ita
727 513 1019 583 perpetuo
1060 511 1339 582 operatur
1383 499 1447 559 in
1493 496 1765 568 ecclesia,
1808 496 1872 556 in
1912 517 2031 577 qua
2075 495 2188 557 rite

440 595 812 679 peraguntur
847 595 1254 644 sacramenta:
1298 580 1448 643 adeo
1483 593 1550 641 ut
1579 579 1785 641 fideles
1815 599 1956 639 cum
1995 600 2031 639 a
2069 578 2187 639 mi·

440 667 644 730 nistns
702 668 1075 727 sacramchta
1143 665 1504 748 percipiunt,
1560 672 1892 744 agnoscant
1954 660 2184 744 operari

439 749 645 811 Deum
678 749 742 809 in
768 771 878 809 suo
908 748 1211 818 institute,
1241 747 1499 827 ideoque
1528 755 1903 806 sacramenta
1932 741 2189 826 perinde

439 854 510 895 ac
552 854 625 894 ex
671 831 860 915 ipsius
899 830 1018 891 Dei
1064 852 1250 890 manu
1291 830 1615 922 percipere,
1644 842 1705 887 et
1741 827 1885 909 ipsis
1923 823 2186 888 miniatii

437 914 653 977 vitium
707 914 782 992 (si
842 913 1005 994 quod
1065 913 1303 994 insigne
1352 912 1498 994 ipsis
1556 911 1727 989 insit)
1783 932 1907 971 non
1957 909 2189 981 obesse,

437 996 685 1079 quando
713 1008 1046 1077 agnoscant
1084 1007 1594 1057 sacramentorum
1639 993 2048 1075 integritatem
2085 988 2192 1051 de-

350 1111 357 1118 ·
437 1079 701 1162 pendere
730 1081 808 1140 ab
838 1078 1219 1139 institutione
1248 1076 1526 1138 Domini.
1614 1075 1798 1138 Unde
1838 1074 2021 1135 etiam
2065 1072 2190 1135 dis-

438 1162 768 1223 criminant
825 1172 1028 1241 aperte
1086 1160 1152 1219 in
1209 1157 1730 1220 administratione
1786 1167 2191 1218 sacramento-

439 1266 594 1315 rum,
623 1244 780 1304 inter
806 1242 1150 1303 Dominum
1191 1241 1413 1322 ipsum,
1442 1252 1505 1301 et
1537 1240 1790 1300 Domini
1821 1239 2191 1313 ministrum,

438 1328 800 1388 confitentes
826 1336 1339 1386 sacramentorum
1364 1344 1456 1382 res
1478 1322 1604 1382 dari
1635 1323 1712 1382 ab
1734 1321 1869 1404 ipso
1894 1321 2192 1396 Domino,

438 1408 718 1490 symbola
748 1419 950 1467 autem
982 1405 1302 1466 a‘Domini
1336 1403 1646 1464 ministris.

521 1490 845 1560 Caeterum,
876 1490 1250 1582 praecipuum
1292 1486 1464 1560 illud,
1493 1485 1654 1567 quod
1687 1485 1752 1546 in
1781 1485 2070 1548 omnibus
2098 1507 2192 1546 sa-

438 1573 764 1635 cramentis
815 1586 1173 1654 proponitur
1223 1593 1257 1631 a
1307 1569 1462 1644 Deo,
1507 1581 1568 1630 et
1618 1568 1949 1630 attenditur
1990 1590 2025 1629 a
2074 1568 2192 1651 piis

437 1656 725 1717 omnibus
765 1654 1045 1715 omnium
1087 1666 1429 1736 temporum
1463 1651 1653 1732 (quod
1689 1652 1788 1713 alii
1832 1662 2193 1745 nuncupant

440 1737 843 1799 substantiam
889 1749 950 1797 et
989 1736 1302 1797 materiam
1335 1738 1878 1814 sacramentorum)
1910 1734 2192 1795 Christus

439 1831 532 1881 est
570 1821 865 1889 Servator,
897 1819 1093 1879 hostia
1136 1819 1238 1879 illa
1284 1818 1482 1887 unica,
1514 1818 1728 1898 Agnus
1757 1818 1903 1878 item
1940 1816 2043 1877 ine
2069 1816 2190 1877 Dei

441 1914 741 1965 mactatus
786 1903 862 1963 ab
905 1901 1137 1983 origine
1169 1900 1416 1972 mundi,
1446 1901 1619 1961 Petra
1662 1921 1906 1982 quoque
1953 1899 2077 1973 illa,
2114 1898 2193 1960 de

440 2008 560 2067 qua
589 2007 801 2046 omnes
832 1984 1086 2065 majores
1118 1983 1302 2044 nostri
1335 1983 1639 2055 biberunt,
1666 2004 1776 2064 per
1802 2004 1986 2063 quem
2014 1982 2189 2044 electi

440 2090 654 2129 omncs
698 2066 1214 2129 circumciduntur
1256 2066 1387 2126 sine
1431 2065 1715 2125 manibus
1751 2087 1858 2147 per
1896 2063 2192 2158 Spiritum

441 2152 757 2223 Sanctum,
788 2150 1236 2229 abluunturque
1279 2170 1314 2208 a
1353 2147 1615 2230 peccatis
1645 2148 1769 2208 suis
1797 2146 2104 2222 omnibus,
2130 2158 2196 2209 et

441 2234 687 2295 aluntur
712 2254 852 2322 vero
897 2254 1144 2315 corpore
1184 2245 1245 2292 et
1291 2231 1588 2312 sanguine
1616 2230 1846 2292 Christi
1891 2229 1968 2292 ad
2003 2230 2192 2293 vitam

441 2328 749 2378 aeternam.
958 2379 962 2382 ,

526 2400 611 2460 Et
638 2410 936 2479 quantum
968 2395 1214 2477 quidem
1247 2396 1463 2457 attinet
1493 2395 1565 2455 ad
1596 2395 1767 2470 illud,
1797 2394 1960 2476 quod
1998 2395 2064 2457 in
2103 2418 2195 2458 sa·

442 2482 767 2543 eramentis
818 2493 909 2548 est
1001 2478 1352 2561 roecipuum,
1394 2490 1454 2538 ct
1507 2500 1599 2538 res
1648 2478 1799 2560 ipsa,
1843 2477 2011 2561 paria
2051 2489 2196 2540 sunt

445 2563 756 2644 utriusque
802 2585 922 2645 pop
990 2563 1006 2623 i
1054 2573 1445 2623 sacramenta.
1532 2560 1696 2621 Nam
1735 2560 2016 2623 Christus
2059 2561 2197 2623 uni·

444 2667 551 2708 cus
596 2645 919 2718 Mediator,
962 2658 1023 2706 et
1073 2646 1349 2705 Servator
1399 2643 1690 2728 fidelium,
1740 2643 2063 2726 utrobique
2103 2655 2198 2705 est

445 2728 596 2790 illud
629 2728 1020 2811 praecipuum,
1048 2740 1108 2788 et
1138 2727 1269 2810 ipsa
1298 2749 1389 2788 res
1419 2741 1953 2789 sacramentorum.
2014 2727 2196 2790 Unus

444 2824 505 2873 et
535 2810 697 2873 idem
725 2811 919 2883 Deus,
940 2810 1260 2891 utrobique
1290 2810 1505 2870 horum
1535 2822 1627 2871 est
1657 2811 1890 2871 author.
1933 2809 2197 2891 Utrique

446 2895 673 2977 populo
713 2893 854 2956 data
893 2905 1038 2955 sunt
1075 2893 1196 2964 illa,
1228 2906 1296 2955 ut
1336 2892 1508 2974 signa
1553 2892 1823 2974 adeoque
1864 2892 2196 2976 obsignati-

444 3000 592 3038 ones
635 2977 840 3059 gratioe
883 2990 945 3038 et
987 2976 1456 3059 promissionum
1500 2975 1643 3049 Dei,
1679 2998 1819 3057 qua».
1858 2977 1921 3038 in
1965 2997 2197 3038 memo-

445 3061 594 3121 riam
635 3059 941 3132 reducant,
970 3072 1366 3143 reparentque
1411 3059 1678 3120 maxima
1722 3058 1841 3120 Dei
1883 3059 2197 3135 beneficia,

445 3143 668 3224 quibus
699 3143 845 3206 item
878 3142 1083 3205 fideles
1112 3144 1188 3204 ab
1217 3143 1505 3204 omnibus
1535 3142 1667 3203 aliis
1701 3141 1862 3202 orbis
1891 3142 2198 3224 religioni·

447 3227 559 3287 bus
618 3225 1094 3308 sejungerentur,
1142 3225 1406 3307 denique
1456 3247 1590 3306 quae
1649 3224 2039 3307 spiritualiter
2090 3245 2198 3308 per

449 3307 627 3370 fidem
675 3309 1143 3404 perciperentur,
1185 3321 1245 3369 et
1300 3308 1703 3392 percipientes
1753 3307 2196 3391 obstringerent

447 3391 730 3465 ecclesiae,
758 3405 819 3454 et
849 3414 1011 3475 ipsos
1041 3391 1132 3453 sui
1164 3390 1563 3453 admonerent
1590 3391 1791 3454 officii.
1870 3390 1950 3453 In
1979 3388 2074 3451 hi·
2101 3388 2195 3450 in-

447 3494 628 3552 quam
673 3487 734 3534 et
773 3475 1092 3549 similibus,
1123 3498 1246 3537 non
1275 3474 1538 3559 disparia
1567 3486 1713 3537 sunt
1746 3473 2056 3566 utriusque
2084 3492 2187 3554 po·

448 3555 571 3636 puli
606 3572 996 3631 sacramenta,
1025 3580 1159 3639 quae
1191 3570 1397 3620 tamen
1429 3558 1492 3620 in
1525 3558 1715 3641 signis
1743 3566 1887 3616 sunt
1912 3553 2166 3616 diversa.

535 3637 610 3697 Et
642 3638 887 3717 quidem
932 3640 1361 3702 constituimus
1404 3640 1584 3702 etiam
1619 3640 1679 3701 in
1714 3637 1807 3699 his
1835 3636 2191 3720 ampliorem

2391 3149 2393 3155 ,
2376 2606 2398 3136 ·κ»,ψ..ο’*τιδωσε-
2379 2527 2402 2588 ³⁸-
2382 2474 2395 2517 *⁴-
2367 1959 2406 2461 χημφαπΜῇυδ-,Ᾰ
2382 1813 2400 1945 415-5
2382 1654 2413 1795 ,Μ
2387 1529 2404 1632 ις’-,ς
2392 1475 2405 1499 ,5

2350 3431 2400 3471 ,ἔ

2375 3559 2394 3654 3

2374 3675 2415 3755 ζ.
