2418 4172
486 326 595 379 294
1116 322 1599 378 CONFESSIO

488 467 643 530 serio
692 467 903 529 timere
950 466 1179 541 Deum,
1219 477 1282 527 et
1330 486 1532 526 rursus
1580 466 1895 549 concipere
1945 487 2228 550 magnam

489 549 695 625 fidem,
721 562 784 611 et
825 548 1125 611 confidere
1169 560 1410 631 propter
1450 547 1764 609 Christum
1806 548 1967 630 quod
2011 548 2234 610 habea-

490 655 627 695 mus
675 633 880 695 Deum
930 632 1252 726 placatum,
1295 642 1497 713 petere
1544 653 1579 691 a
1620 630 1778 702 Deo,
1822 642 1884 691 et
1925 642 2089 692 certo
2129 651 2234 691 ex-

488 726 726 799 pectare
769 715 1060 776 auxihum
1107 715 1168 774 in
1212 714 1493 774 omnibus
1531 715 1706 774 rebus
1742 712 2034 795 gerendis,
2053 712 2235 794 juxta

490 797 904 867 vocationem;
963 797 1198 857 interim
1258 796 1400 856 foris
1454 795 1772 877 diligenter
1827 795 2019 856 facere
2075 795 2237 855 bona

489 901 692 963 opera,
733 891 796 940 et
837 881 1053 939 servire
1095 878 1412 940 vocationi.
1497 878 1572 938 In
1618 878 1710 937 his
1752 879 1931 938 rebus
1967 889 2059 937 est
2100 897 2237 937 vera

490 962 798 1044 perfectio,
827 973 887 1022 et
929 982 1102 1021 verus
1144 961 1343 1021 cuitus
1381 959 1522 1034 Dei,
1550 982 1670 1020 non
1713 973 1804 1021 est
1841 961 1903 1020 in
1946 959 2235 1020 coelibatu

492 1055 599 1105 aut
653 1041 1057 1115 mendicitate,
1108 1054 1212 1103 aut
1266 1053 1431 1102 veste
1487 1041 1740 1102 sordida.
1826 1044 1920 1103 Ac
2056 1041 2237 1124 pulus

491 1125 756 1207 concipit
794 1124 1014 1184 multas
1057 1122 1416 1204 perniciosas
1454 1123 1768 1204 opiniones
1810 1145 1884 1184 ex
1926 1063 2055 1184 ilii?
2073 1122 2237 1184 falsis

491 1206 803 1290 praeconiis
850 1205 987 1266 vitae
1038 1205 1403 1265 monasticae.
1489 1204 1682 1264 Audit
1721 1205 1851 1265 sine
1888 1204 2072 1267 modo
2111 1206 2240 1266 lau·

491 1289 617 1349 dari
668 1288 1045 1360 coelibatum,
1087 1285 1222 1347 ideo
1278 1307 1418 1348 cum
1478 1286 1803 1346 offensione
1858 1286 2240 1349 eonscientiae

491 1381 759 1430 versatur
808 1369 871 1430 in
921 1368 1224 1451 conjugio.
1308 1366 1499 1429 Audit
1547 1367 1703 1428 solos
1754 1367 2061 1429 mendieos
2110 1389 2242 1429 esse

492 1453 806 1535 perfectos,
851 1450 987 1512 ideo
1034 1473 1176 1512 cum
1227 1450 1554 1516 offensione
1598 1450 1981 1512 conscientie.
2027 1450 2243 1511 retinet

577 1535 914 1608 ssessiones‚
951 1533 1309 1615 negotiatur.
1392 1532 1585 1594 Audit
1627 1533 1945 1594 consilium
1989 1554 2245 1614 evange-

493 1557 676 1678 iignum
723 1639 852 1677 esse
893 1616 969 1676 de
1012 1638 1132 1676 non
1177 1615 1557 1689 vindicando,
1584 1613 1723 1676 ideo
1764 1615 1864 1676 alii
1909 1614 1968 1676 in
2014 1613 2244 1698 privata

495 1699 618 1761 vita
661 1721 780 1759 non
825 1709 1103 1759 verentur
1144 1698 1372 1772 ulcisci,
1415 1696 1668 1758 audiunt
1713 1697 1874 1757 enim
1922 1696 2241 1760 consilium

495 1803 624 1842 esse
652 1803 772 1842 non
803 1791 1206 1875 praeceptum3
1252 1781 1371 1854 alii,
1397 1800 1608 1841 omnes
1646 1779 2030 1860 magistratus
2062 1789 2124 1840 et
2159 1779 2246 1840 ci-

496 1864 637 1925 vilia
663 1862 861 1925 officia
877 1862 1157 1942 judicant
1185 1862 1430 1944 indigna
1458 1884 1586 1922 esse
1614 1861 1995 1923 Christianis.

580 1946 899 2028 Leguntur
939 1945 1218 2027 exempla
1268 1945 1607 2016 hominum,
1652 1943 1778 2024 qui,
1819 1942 2056 2004 deserto
2101 1965 2246 2005 oon·

489 2028 683 2111 jugio,
728 2028 962 2088 deserta
1018 2027 1363 2108 reipublicae
1418 2023 1952 2099 administratione,
2000 2024 2249 2087 abdide-

499 2122 640 2172 runt
705 2132 768 2171 se
835 2110 896 2170 in
964 2109 1341 2170 monasteria.
1427 2107 1502 2169 Id
1558 2108 1856 2169 vocabant
1909 2108 2116 2190 fugere
2170 2127 2247 2168 ex

501 2192 748 2267 mundo,
776 2203 838 2252 et
866 2213 1130 2272 quaerere
1158 2191 1297 2253 vitae
1324 2212 1512 2273 genus
1542 2189 1704 2271 quod
1728 2190 1867 2251 Deo
1897 2190 2089 2284 magis
2117 2189 2251 2273 pla-

501 2286 679 2349 ceret,
721 2297 832 2335 nec
882 2273 1167 2335 videbant
1208 2274 1347 2335 Deo
1396 2271 1774 2334 serviendum
1831 2295 1960 2334 esse
2015 2295 2076 2334 m
2133 2271 2249 2333 illis

505 2357 821 2432 mandatiS,
849 2378 988 2437 quae
1032 2356 1162 2438 ipse
1201 2355 1464 2428 tradidit,
1493 2377 1612 2415 non
1659 2355 1719 2414 in
1766 2354 2083 2428 mandatis,
2103 2376 2249 2496 ³oe

505 2452 648 2502 sunt
690 2439 1028 2520 excogitata
1070 2438 1147 2498 ab
1192 2437 1555 2499 bominibus.
1640 2436 1886 2497 Bonum
1926 2447 1989 2497 et
2025 2458 2102 2519 pe
2155 2457 2252 2496 ec·

505 2533 638 2583 tum
696 2521 833 2581 vitae
883 2542 1071 2601 genus
1121 2532 1231 2589 est,
1273 2518 1435 2600 quod
1488 2518 1670 2579 habet
1712 2518 2063 2580 mandatum
2108 2517 2249 2579 Dei.

505 2603 605 2665 De
654 2602 749 2663 bis
795 2605 971 2663 rebus
1014 2623 1256 2662 necesse
1297 2613 1387 2662 est
1432 2602 1753 2661 admonere
1790 2601 2084 2662 homines.
2168 2598 2254 2661 Et

508 2698 647 2747 ante
687 2685 816 2746 baec
853 2695 1128 2766 tempora
1162 2682 1544 2777 reprehendit
1574 2683 1806 2743 Gerson
1836 2704 2094 2743 errorem
2125 2702 2255 2743 mo-

510 2767 840 2830 nachorum
886 2766 962 2827 de
1005 2765 1388 2848 perfectione,
1416 2778 1477 2826 et
1519 2776 1772 2826 testatur
1808 2765 1931 2826 suis
1968 2764 2255 2848 tempori-

512 2852 622 2911 bus
666 2870 881 2911 novam
927 2869 1134 2910 vocem
1181 2849 1383 2922 fuisse,
1425 2847 1586 2929 quod
1630 2848 1754 2909 vita
1799 2847 2128 2910 monastica
2177 2845 2255 2907 sit

512 2944 700 2995 status
729 2931 1129 3015 perfectionis.

594 3015 748 3077 Tam
809 3014 1016 3076 multae
1066 3014 1271 3095 impnae
1328 3013 1642 3097 opiniones
1689 3012 1917 3075 boerent
1970 3012 2031 3074 in
2081 3010 2257 3083 votis,

514 3096 674 3180 quod
705 3107 1047 3159 mereantur
1073 3095 1481 3158 remissionem
1523 3107 1905 3179 peccatorum
1943 3105 2008 3157 et
2031 3092 2258 3175 justifl-

515 3178 833 3254 cationem,
859 3178 1021 3274 quod
1067 3178 1189 3241 sint
1230 3178 1517 3262 perfectio
1555 3178 1916 3253 Christiana,
1941 3175 2105 3260 quod
2139 3194 2259 3238 ser·

515 3275 658 3324 vent
699 3261 949 3323 consilia
989 3272 1052 3323 et
1136 3273 1413 3344 raecepm,
1441 3260 1602 3343 quod
1645 3260 1915 3323 babeant·
1944 3278 2127 3343 open
2159 3277 2259 3318 su·

518 3344 999 3428 per-erogationis.
1158 3365 1246 3405 aec
1275 3344 1498 3416 omnia,
1527 3365 1666 3406 cum
1698 3344 1819 3405 sint
1849 3341 1998 3405 falsa
2033 3350 2095 3401 et
2131 3336 2259 3399 ina-

519 3427 636 3500 nia,
664 3428 894 3490 faciunt
921 3438 1060 3489 vota
1089 3426 1270 3488 irrita.
