2418 4172
0 449 9 531 ἒ

0 559 13 646 ’ς

0 647 14 672 ἶ

0 679 18 725 i,

672 340 1230 395 AUGUSTANA
1281 340 1534 393 MDXL.
1872 341 1977 399 199

237 505 371 549 mus
413 483 628 565 inquit,
654 492 689 519 “
714 482 1060 545 Sacerdotes
1101 482 1476 544 eucharistiae
1519 480 1878 556 ministrant,
1910 495 1973 544 et

233 564 277 609 ‘⁸'
297 566 653 650 sanguinem
683 566 908 628 Christi
940 566 1178 649 populis
1206 563 1532 626 dividunt.”

240 686 246 689 -
315 648 506 711 Extat
553 650 615 710 in
664 649 935 711 Decretis
968 669 1173 709 canon
1230 646 1532 730 pontificis
1583 645 1829 717 Gelasii,
1868 648 1970 726 qui

346 731 516 793 hibet
541 730 725 792 dividi
756 742 1219 803 sacramentum,
1249 730 1339 790 bis
1373 728 1600 789 verbis:
1643 736 1679 764 ‘⁶
1709 728 1974 811 Compe-

235 859 245 865 -
300 815 488 876 rimus
515 826 716 879 uitem
746 813 910 895 quod
937 812 1205 895 quidam,
1227 823 1469 895 sumpta
1495 823 1729 872 tantum
1763 833 1972 893 corpo-

231 903 271 948 5·
297 897 378 959 ris
405 898 552 958 sacri
583 897 875 980 portione,
905 919 940 957 a
968 895 1151 957 calice
1179 895 1328 957 sacri
1359 894 1583 956 cruoris
1618 895 1975 969 abstineant,

233 986 272 1020 ‘⁸
297 980 402 1076 qui
456 979 870 1064 proculdubio,
918 979 1206 1060 quoniam
1263 979 1466 1039 nescio
1521 997 1641 1059 qua
1697 978 1979 1060 supersti-

232 1070 274 1102 “
297 1074 463 1128 none
517 1061 809 1124 docentur
863 1062 1130 1145 astringi,
1173 1073 1277 1123 aut
1334 1062 1563 1143 integra
1611 1073 1978 1122 sacramenta

232 1152 273 1194 ⁸
298 1146 651 1231 percipiant,
678 1158 785 1207 aut
827 1146 902 1207 ab
946 1145 1191 1228 integris
1234 1162 1561 1219 arceantur,
1590 1144 1732 1225 quia
1767 1143 1979 1204 divisio

234 1236 277 1268 “
301 1227 480 1292 unius
514 1229 911 1311 ejusdemque
950 1228 1237 1311 mysterii,
1265 1226 1392 1288 sine
1431 1226 1639 1310 grandi
1671 1225 1979 1310 sacrilegio

235 1318 277 1352 ‘⁸
300 1327 423 1374 non
535 1324 652 1373 test
679 1311 994 1373 accidere.”

323 1394 398 1458 In
523 1395 721 1455 istoria
764 1394 1089 1478 Tripartita
1136 1393 1423 1477 scriptum
1467 1404 1559 1454 est
1601 1393 1662 1453 in
1706 1392 1984 1475 objurga-

239 1476 405 1539 tione
444 1477 767 1539 Theodosii
819 1476 1212 1560 imperatoris,
1246 1497 1429 1557 quem
1479 1476 1835 1537 Ambrosius
1877 1497 1987 1535 no-

238 1559 355 1620 luit
396 1559 471 1621 ad
522 1559 1012 1620 communionem
1066 1558 1382 1619 admittere
1432 1560 1559 1618 sine
1605 1558 1983 1640 poenitentia,

234 1652 551 1724 propterea
579 1641 738 1722 quod
761 1641 1202 1701 Thessalonicae
1233 1662 1557 1722 paucorum
1590 1640 1850 1699 militum
1882 1661 1985 1699 ne-

237 1744 395 1797 cem,
436 1723 540 1804 qui
597 1744 706 1805 per
759 1723 1091 1783 tumultum
1153 1722 1447 1782 interfecti
1504 1722 1760 1795 fuerant,
1803 1721 1983 1781 nimis

237 1806 450 1867 acerbe
486 1805 647 1866 ultus
685 1815 831 1877 erat,
858 1804 1374 1885 trucidaveratque
1413 1816 1641 1886 septem
1678 1803 1869 1864 millia
1903 1809 1986 1864 ci-

235 1886 424 1950 vium.
510 1887 638 1949 Hic
665 1887 1023 1948 Ambrosius
1060 1888 1123 1947 in
1171 1888 1280 1960 uit,
1307 1886 1688 1955 “Quomodo
1728 1886 1822 1947 his
1862 1909 1989 1947 ma-

237 1978 277 2014 ·“
304 1971 483 2032 nibus
518 1971 805 2053 suscipies
844 1982 1119 2032 sanctum
1214 1971 1402 2030 omini
1446 1971 1704 2053 corpus?
1749 1992 1870 2051 qua
1894 1982 1986 2030 te·

237 2061 277 2091 “
306 2053 599 2127 mei-itate,
626 2076 727 2113 ore
764 2067 889 2127 tuo,
919 2054 1202 2136 poculum
1245 2053 1549 2134 sanguinis
1579 2053 1820 2134 pretiosi
1852 2075 1987 2136 per-

240 2145 280 2174 “
308 2137 673 2222 cipies,&c.”
742 2136 997 2197 Constat
1017 2136 1200 2219 igitur
1218 2136 1431 2196 veteris
1459 2136 1723 2196 ecclesioe
1753 2158 1981 2196 morem

240 2219 443 2292 finisse,
486 2219 627 2280 dare
676 2219 902 2302 populo
947 2230 1264 2300 utramque
1322 2218 1675 2280 sacramenti
1731 2230 1984 2300 partem.

238 2302 506 2366 Tantum
543 2301 918 2364 consuetudo
946 2324 1068 2362 non
1096 2301 1181 2363 ita
1207 2313 1378 2362 vetus
1406 2301 1619 2362 adimit
1647 2302 1875 2384 populo
1903 2302 1985 2363 al·

237 2395 429 2447 teram
469 2396 721 2468 partem.
803 2384 950 2446 Non
978 2384 1420 2468 disputabimus
1450 2397 1650 2445 autem
1681 2383 1828 2465 quid
1853 2406 1988 2445 sen-

237 2467 512 2531 tiendum
557 2467 637 2529 sit
675 2468 752 2529 de
792 2467 1225 2529 consuetudine
1257 2479 1498 2550 recepta
1531 2480 1739 2528 contra
1768 2467 1987 2528 autori-

237 2552 426 2614 tatem
470 2550 815 2635 apostolicae
858 2550 1184 2635 scripturoe,
1212 2562 1421 2611 contra
1462 2572 1742 2623 canones,
1779 2561 1987 2611 contra

239 2635 592 2718 exemplum
618 2634 834 2696 veteris
854 2634 1138 2696 ecclesiae.
1208 2633 1569 2716 Intelligunt
1588 2633 1751 2694 enim
1774 2655 1986 2694 omnes

242 2715 351 2799 pii,
374 2717 767 2779 conscientias
801 2717 878 2778 de
913 2717 1186 2778 doctrina
1211 2717 1556 2779 Christiana
1584 2717 1832 2777 verbum
1864 2716 1986 2776 Dei

242 2799 552 2860 conmiere
591 2799 827 2873 debere,
854 2823 967 2862 nec
1009 2800 1462 2894 approbandam
1499 2822 1629 2860 esse
1666 2809 1988 2860 consuetu-

243 2878 452 2943 dinem
478 2894 687 2943 contra
712 2884 959 2944 verbum
990 2883 1131 2944 Dei.
1217 2884 1581 2963 Quanquam
1614 2893 1814 2942 autem
1846 2902 1990 2942 con-

245 2963 503 3026 suetudo
543 2966 862 3027 mutaverit
902 2963 964 3026 in
1004 2966 1224 3027 Latina
1265 2966 1513 3027 eccloeia
1555 2975 1814 3025 veterem
1860 2985 1992 3024 mo-

247 3068 396 3120 rem,
422 3059 625 3108 tamen
657 3070 777 3108 non
806 3047 1109 3132 improbat
1145 3061 1249 3110 aut
1329 3048 1584 3109 rohibet.
1668 3046 1806 3107 Nec
1846 3067 1989 3107 vero

250 3128 517 3191 humana
553 3130 836 3191 autoritas
862 3131 1180 3214 probibere
1208 3072 1641 3192 ordinationem
1674 3128 1901 3189 Christi
1930 3140 1994 3189 et

249 3211 724 3296 receptissimum
771 3234 947 3274 usum
988 3215 1203 3275 veteris
1244 3212 1510 3275 ecclesiae
1558 3212 1755 3272 debet.
1838 3210 1991 3272 Ideo

248 3316 361 3355 nos
402 3316 525 3355 non
568 3294 853 3356 duximus
896 3296 1336 3379 prohibendum
1381 3318 1511 3355 esse
1554 3315 1731 3354 usum
1774 3292 1989 3377 integri

246 3378 625 3439 sacramenti.
709 3376 795 3439 Et
835 3377 897 3438 in
940 3400 1012 3438 ea
1052 3379 1408 3451 ceremonia,
1449 3398 1587 3459 quoe
1633 3373 1816 3438 debet
1861 3398 1991 3438 esse

246 3459 451 3522 foedus
493 3473 720 3522 mutuoe
760 3458 1099 3522 dilectionis
1135 3459 1197 3521 in
1235 3460 1506 3532 ecclesia,
1533 3481 1654 3520 non
1691 3458 1991 3521 voluimus

248 3555 460 3605 eontra
485 3543 838 3605 charitatem
868 3543 1001 3607 duri
1031 3564 1160 3604 esse
1188 3543 1438 3604 aliorum
1468 3541 1868 3617 conscientiis,
1886 3541 1992 3624 qui

255 3626 596 3688 maluerunt
636 3627 870 3709 integro
909 3638 1284 3688 sacramento
1328 3624 1436 3701 uti,
1466 3646 1662 3707 neque
1703 3624 2020 3690 saevitiam-

1073 3728 1114 3770 Ο
1143 3721 1179 3769 4

1648 3770 1681 3784 s
