2418 4172
557 412 667 469 274
1191 407 1677 463 CONFESSIO

559 552 770 628 sancti,
793 551 897 613 sed
925 550 1002 611 de
1021 572 1158 612 vera
1185 551 1460 612 doctrina
1488 551 1965 613 consentientem
1996 564 2064 614 ut
2092 552 2308 615 Μανία

560 647 832 719 tempore
870 645 1039 695 erant
1066 633 1357 708 Ecclesia,
1385 633 1727 708 Zacharias,
1755 633 2025 708 Simeon,
2050 635 2310 721 Joneph3

561 717 906 791 Elizabetb,
935 717 1151 791 Maria,
1179 718 1378 788 Anna,
1418 728 1700 799 pastores,
1736 728 1798 776 et
1840 716 1938 777 alii
1984 718 2160 779 multi
2203 719 2308 800 qui

561 800 638 862 de
679 822 829 884 pura
873 799 1141 861 doctrina
1191 800 1665 873 consentiebant,
1706 810 1767 858 et
1816 798 2140 860 audiebant
2186 820 2310 862 non

562 882 923 944 Sadducaeos
969 894 1072 943 aut
1111 882 1456 956 Pharisoeos,
1502 881 1602 942 scd
1648 881 2024 956 Zachariam,
2073 881 2312 944 Simeo-

561 986 723 1040 nem,
752 965 1015 1037 Annam,
1046 965 1329 1038 Mariam,
1357 977 1418 1025 et
1447 964 1690 1038 similes,
1721 967 1831 1024 &c.
1916 964 2081 1025 Nam
2125 964 2308 1026 etiam

560 1069 699 1109 cum
731 1046 905 1107 valde
950 1047 1207 1128 exiguus
1253 1057 1447 1108 coetus
1491 1058 1601 1119 est,
1632 1060 1835 1107 tamen
1867 1046 2038 1107 Deus
2081 1047 2310 1141 aliquas

557 1128 836 1210 reliquias
880 1139 1094 1202 servat,
1123 1149 1375 1209 quarum
1407 1149 1524 1189 vox
1558 1140 1619 1189 et
1652 1129 1948 1190 confessio
1975 1129 2311 1204 exauditur,

560 1223 622 1273 et
666 1208 920 1270 subinde
963 1209 1365 1270 ministerium
1400 1210 1711 1285 instaurat,
1728 1210 1910 1290 juxta
1937 1211 2120 1273 illud:
2165 1211 2314 1274 Nisi

560 1293 869 1355 Dominus
900 1290 1246 1374 reliquisset
1286 1292 1458 1354 nobis
1498 1313 1718 1363 semen,
1747 1294 1906 1354 sicut
1935 1294 2196 1358 Sodoma
2223 1315 2313 1357 es-

560 1395 778 1447 semus,
807 1376 919 1435 διο.

644 1458 861 1537 Itaque
899 1478 1034 1536 quae
1078 1456 1156 1516 sit
1192 1455 1485 1530 Ecclesia,
1513 1467 1575 1516 et
1602 1455 1797 1537 qualis
1839 1455 1936 1529 sit,
1963 1467 2025 1518 et
2068 1458 2171 1519 ubi
2215 1458 2313 1535 sit,

557 1541 695 1603 haec
737 1539 1058 1633 descriptio
1101 1538 1349 1613 indicat,
1378 1549 1622 1621 sumpta
1659 1561 1735 1600 ex
1779 1538 2110 1602 manifestis
2146 1541 2315 1603 testi-

558 1622 778 1683 moniis
819 1621 1056 1682 divinis.
1140 1621 1317 1682 Nihil
1361 1620 1614 1682 dubium
1657 1633 1767 1695 est,
1797 1621 2133 1684 Ecclesiam
2179 1624 2313 1686 alli-

559 1717 759 1787 gatam
813 1726 942 1764 esse
993 1703 1066 1764 ad
1119 1702 1542 1785 Evangelium,
1585 1717 1652 1764 ut
1696 1705 1916 1764 Paulus
1963 1706 2198 1788 inquit:
2242 1706 2315 1769 Si

593 1788 691 1848 uis
747 1786 921 1847 aliud
973 1786 1352 1869 evangelium
1410 1786 1598 1857 docet,
1656 1787 1983 1850 anathema
2036 1789 2137 1850 sit.
2223 1788 2309 1850 Et

554 1809 739 1931 qloan.
768 1890 828 1930 x.
868 1869 1026 1930 Oves·
1051 1890 1200 1930 meoe
1220 1890 1419 1931 vocem
1448 1890 1643 1930 meam
1673 1869 1948 1932 audiunt.
2018 1870 2105 1931 Et
2130 1871 2310 1934 Joan.

556 1953 679 2013 xiv.
717 1951 789 2013 Si
829 1952 965 2035 quis
1006 1951 1215 2047 diligit
1256 1972 1367 2022 me,
1409 1973 1745 2013 sermonem
1786 1973 1984 2014 meum
2026 1954 2312 2025 servabit,

557 2043 618 2097 et
643 2033 843 2096 Pater
871 2054 1038 2095 meu-5
1079 2033 1299 2116 deliget
1336 2053 1491 2104 eum,
1524 2042 1583 2094 et
1618 2035 1924 2095 veniemus
1960 2035 2046 2096 ad
2069 2056 2225 2110 ωηι,
2253 2045 2313 2099 et

555 2118 926 2179 mansionem
981 2116 1149 2198 apud
1202 2137 1337 2177 eum
1369 2113 1709 2200 faciemus.
1804 2116 1888 2177 Et
1942 2117 2123 2180 Joan.
2166 2118 2310 2181 xvii.
2414 2148 2418 2154 ·

560 2198 900 2283 Sanctffica
944 2220 1043 2260 eos
1080 2200 1147 2260 in
1186 2220 1460 2260 ser-tuone
1505 2206 1628 2271 tuo,
1661 2220 1858 2261 sermo
1899 2208 2043 2263 tuus
2084 2210 2176 2263 est
2214 2224 2316 2265 ve·
2410 2231 2418 2286 3

561 2283 741 2344 ritas.

639 2365 786 2426 Non
834 2377 975 2425 sunt
1025 2362 1208 2447 igitur
1248 2363 1522 2425 membra
1562 2363 1853 2425 Ecclesioe
1894 2364 2035 2440 Dei,
2076 2365 2311 2427 etiamsi

560 2447 807 2508 titulum
856 2458 918 2507 et
967 2446 1219 2529 imperia
1260 2457 1486 2520 tenent,
1528 2446 1868 2519 Sadducaei,
1907 2447 2209 2520 Pharisoei,
2250 2460 2315 2510 et

564 2529 809 2603 similes,
836 2529 1175 2611 pontifices,
1204 2539 1265 2588 et
1302 2529 1399 2589 alii
1444 2528 1546 2609 qui
1591 2528 1768 2589 aliam
1808 2528 2142 2591 doctrinam
2173 2551 2314 2624 pro—

563 2623 819 2706 ponunt,
868 2610 1319 2671 dissentientem
1373 2611 1449 2671 ab
1493 2610 1842 2692 Evangelio,
1885 2623 1945 2673 et
2000 2612 2315 2675 stabiliunt

563 2692 722 2755 idola
751 2692 1148 2775 pertinaciter.
1235 2692 1630 2754 Manifestum
1663 2706 1753 2754 est
1782 2704 1985 2755 autem
2018 2694 2181 2756 aliud
2211 2717 2314 2790 ge»

562 2797 678 2837 nus
717 2775 1022 2850 doctrinae,
1050 2774 1406 2836 dissentiens
1449 2777 1525 2836 ab
1564 2774 1914 2859 Evangelio,
1951 2776 2314 2840 adversanos
2391 2823 2401 2852 s

564 2857 797 2920 tradere
842 2870 905 2918 et
949 2879 1345 2942 propugnare,
1384 2859 1488 2939 qui
1535 2857 1756 2919 docent
1797 2859 1988 2942 legem
2036 2859 2157 2922 Dei
2202 2861 2316 2922 im·

563 2941 713 3026 pleri
742 2939 1084 3003 obedientia
1112 2952 1314 3002 nostra
1343 2942 1404 3002 in
1437 2941 1550 3002 bac
1577 2941 1719 3016 vita,
1748 2953 1809 3004 et
1847 2943 2005 3004 banc
2031 2942 2316 3005 obedien-
2382 2942 2418 2998 ,⁹⁴

564 3025 712 3085 tiam
771 3025 980 3085 mereri
1038 3022 1449 3085 remissionem
1508 3037 1933 3107 peccatorum;
1982 3025 2151 3101 item,
2201 3025 2316 3089 bac
2398 3059 2401 3061 v

563 3106 906 3169 obedientia
952 3105 1229 3167 homines
1262 3106 1460 3189 justos
1504 3128 1631 3168 esse
1680 3129 1880 3170 coram
1925 3107 2102 3180 Deo;
2147 3108 2314 3183 item,

564 3210 807 3273 pravam
859 3189 1410 3273 concupiscentiam
1463 3211 1582 3250 non
1634 3210 1763 3251 esse
1819 3202 2157 3275 peccatum,
2202 3210 2313 3254 nee

567 3273 798 3334 malum
842 3292 1118 3356 pugnans
1160 3294 1299 3334 cum
1347 3272 1478 3356 lege
1512 3271 1667 3334 Dei:
1716 3271 2307 3349 item,⁴dubitandnm

566 3377 695 3417 esse
725 3355 1045 3430 conversis,
1074 3378 1149 3417 an
1196 3355 1318 3416 sint
1360 3355 1420 3416 in
1465 3356 1674 3438 gratia,
1702 3368 1763 3418 et
1803 3357 1960 3419 banc
1986 3353 2310 3419 dubitatio-

566 3460 706 3499 nem
739 3459 860 3499 non
902 3460 1030 3500 esse
1055 3449 1413 3523 peccatum:
1457 3438 1623 3514 item,
1652 3437 2015 3502 invocandos
2042 3457 2173 3499 esse
2202 3437 2309 3498 lio-
2348 3444 2398 3482 ·‘

567 3521 762 3582 mines
809 3533 1110 3583 moi-tuost
1162 3522 1329 3597 item,
1372 3522 1571 3583 cultus
1621 3521 1739 3583 Dei
1789 3542 1918 3583 esse
1963 3518 2309 3582 discrimina
2364 3551 2365 3554 ¹

565 3603 858 3676 ciborum,
887 3617 1024 3665 vota
1055 3604 1402 3677 monastica,
1430 3616 1493 3665 et
1521 3603 1666 3664 alios
1696 3602 1843 3664 ritus
1865 3601 1995 3663 sine
2025 3602 2309 3665 mandato

566 3681 683 3742 Dei
730 3683 982 3746 electosz
1027 3685 1191 3758 item,
1228 3686 1594 3746 oblationem
1642 3685 1700 3745 in
1745 3685 1921 3745 missa
1968 3686 2177 3747 mereri
2222 3686 2309 3748 fa-
