2418 4172
835 346 1382 401 HELVETICA.
1909 350 1979 402 85

235 491 418 566 etiam
469 501 639 552 extra
686 490 937 552 Domini
975 490 1255 562 Coenam,
1298 500 1359 549 et
1402 489 1659 569 quoties,
1702 500 1805 548 aut
1850 490 1981 550 ubi-

234 594 477 655 cunque
507 573 691 634 homo
720 574 780 634 in
804 572 1116 633 Christum
1146 570 1479 631 crediderit.
1544 570 1687 639 Quo
1715 570 1977 632 fortassis

226 655 385 719 illud
426 656 752 740 Augustini
807 655 1097 738 pertinet:
1141 652 1368 723 “Quid
1418 674 1588 735 paras
1631 652 1872 713 dentem
1918 666 1979 714 et

230 745 269 777 ‘⁸
298 737 610 800 ventrem?
652 738 845 812 crede,
873 751 934 798 et
965 735 1392 797 manducasti?

315 822 536 884 Proeter
590 822 953 903 superiorem
1010 818 1536 880 manducationem
1589 817 1980 911 spiritualem,

227 915 430 967 est-et
471 904 916 965 sacramentalis
967 901 1353 963 manducatio
1401 921 1663 983 corporis
1706 900 1979 974 Domini,

227 1006 352 1081 qua
378 986 576 1048 fidelis
613 1009 735 1048 non
775 999 1011 1047 tantum
1054 984 1441 1069 spiritualiter
1477 995 1540 1043 et
1579 983 1811 1043 interne
1835 1005 1956 1126 par

224 1069 442 1153 ucipot
467 1090 609 1131 vero
651 1091 898 1152 corpore
942 1082 1003 1128 et
1045 1068 1336 1150 sanguine
1380 1066 1654 1140 Domini,
1689 1065 1791 1127 sed
1861 1066 1977 1126 oris

222 1152 413 1215 ώσω
457 1152 796 1215 accedendo
841 1152 911 1212 ad
962 1173 1228 1212 mensam
1276 1149 1548 1221 Domini,
1587 1149 1806 1233 accipit
1843 1149 1981 1209 visi-

230 1234 356 1298 bile
405 1236 672 1321 corporis
729 1248 790 1296 et
839 1234 1146 1316 sanguinis
1203 1233 1454 1293 Domini
1514 1244 1977 1293 sacramentum.

225 1317 405 1380 Prius
452 1319 720 1401 quidem,
761 1317 908 1379 dum
955 1316 1209 1379 credidit
1254 1316 1468 1388 fidelis,
1514 1315 1820 1377 vivificum
1874 1315 1980 1374 aii-

230 1413 505 1463 mentum
555 1402 842 1485 percepit,
879 1412 941 1461 et
986 1401 1118 1482 ipso
1160 1399 1378 1460 fruitur
1422 1397 1639 1471 adhuc,
1676 1397 1778 1458 sed
1825 1396 1978 1467 ideo,

220 1481 378 1547 dum
427 1505 591 1545 nunc
639 1494 1077 1545 sacramentum
1130 1503 1373 1563 quoque
1421 1481 1659 1564 accipit,
1701 1478 1979 1541 nonnihil

222 1566 467 1649 occipit.
550 1566 716 1628 Nam
774 1566 836 1626 in
903 1564 1354 1626 continuatione
1415 1562 1980 1623 communicationis

219 1649 491 1732 corporis
517 1660 581 1709 et
607 1647 914 1729 sanguinis
942 1646 1198 1707 Domini
1233 1645 1448 1727 pergit,
1477 1644 1747 1725 adeoque
1785 1644 1977 1725 magis

225 1730 546 1813 magisque
591 1730 951 1801 incenditur,
991 1740 1055 1789 et
1099 1727 1311 1789 crescit
1359 1727 1530 1798 fides,
1570 1748 1640 1786 ac
1688 1725 1980 1808 spirituali

219 1812 516 1876 *alimonia
556 1813 842 1875 reficitur.
925 1811 1094 1873 mm
1139 1810 1301 1871 enim
1333 1809 1613 1882 vivimus„
1642 1809 1791 1869 fides
1834 1830 1980 1869 con-

221 1895 426 1959 tinuas
456 1896 640 1958 babet
668 1895 1052 1957 accessiones.
1139 1893 1225 1954 Et
1252 1893 1356 1974 qui
1391 1892 1535 1953 foris
1563 1914 1699 1951 vera
1729 1891 1849 1952 fide
1887 1914 1978 1952 sa-

220 1990 604 2041 cramentum
637 1979 913 2061 percipit,
933 1977 1093 2038 idem
1127 1976 1228 2037 ille
1257 1998 1379 2036 non
1410 1976 1649 2058 signum
1680 1974 1977 2035 duntaxat

225 2061 520 2206 mig
546 2062 650 2123 sed
699 2083 763 2122 re
811 2062 941 2143 ipsa
991 2081 1253 2141 quoque,
1299 2071 1371 2119 ut
1418 2058 1703 2132 diximuS,
1744 2057 1978 2118 fruitur.

560 2144 724 2205 idem
762 2144 865 2204 ille
906 2142 1266 2203 institutioni
1305 2152 1367 2202 et
1405 2140 1692 2201 mandato
1718 2140 1975 2201 Domini

227 2225 454 2302 obedit,
481 2226 742 2309 laetoque
780 2226 982 2287 animo
1023 2225 1243 2307 gratias
1283 2246 1392 2307 pro
1427 2222 1843 2305 redemptione
1872 2244 1979 2283 sua

226 2309 534 2391 totiusque
578 2309 815 2392 generis
860 2308 1135 2369 humani‘
1165 2307 1308 2389 agit,
1353 2329 1423 2367 ac
1473 2305 1714 2366 fidelem
1770 2306 1979 2366 mortis

221 2391 571 2454 Dominicae
600 2391 955 2453 memoriam
986 2390 1237 2473 peragit,
1266 2401 1447 2470 atque
1477 2410 1677 2449 coram
1708 2388 1979 2462 ecclesia,

218 2474 401 2556 cujus
427 2476 691 2558 corporis
721 2475 1062 2535 membrum
1095 2475 1192 2547 sit,
1222 2483 1556 2532 attestatur.
1602 2471 1978 2554 Obsignatur

215 2557 373 2619 -item
411 2558 882 2642 percipientibus
909 2568 1372 2629 sacramentum,
1401 2553 1564 2636 quod
1603 2575 1819 2637 corpus
1848 2553 1979 2615 Do-

224 2640 377 2703 mini
419 2663 541 2703 non
580 2653 822 2703 tantum
859 2641 923 2701 in
961 2662 1178 2723 genere
1215 2660 1328 2722 pro
1365 2636 1717 2698 hominibus
1746 2637 1825 2697 sit
1859 2649 1982 2697 tra-

218 2722 444 2799 ·ditum,
469 2736 534 2787 et
574 2724 817 2807 sanguis
853 2723 983 2803 ejus
1024 2723 1268 2796 effusus,
1295 2720 1399 2801 sed
1442 2720 1823 2803 peculiariter
1864 2741 1975 2802 pro

226 2806 441 2888 quovis
467 2807 632 2869 fideli
669 2806 1165 2881 communicanti,
1193 2804 1364 2886 cujus
1399 2805 1569 2864 cibus
1598 2814 1661 2863 et
1688 2813 1869 2884 potus
1899 2802 1978 2862 sit

224 2888 307 2951 ad
333 2889 523 2953 vitam
553 2904 860 2955 aeternam.

215 3004 233 3017 .
309 2972 615 3036 Caeterum
646 2973 750 3055 q'ui
780 2972 946 3035 nulla
974 2994 1115 3033 cum
1147 2971 1267 3033 fide
1295 2969 1369 3031 ad
1401 2970 1557 3029 hanc
1586 2988 1813 3028 sacram
1843 2966 1976 3027 Do·

228 3055 378 3116 mini
426 3078 699 3119 mensam
749 3055 999 3130 accedit,
1042 3064 1419 3116 sacramento
1466 3050 1764 3112 duntaxat
1806 3070 1975 3110 com-

228 3138 516 3214 municat,
542 3151 605 3201 et
645 3161 771 3200 rem
812 3139 1190 3212 sacramenti,
1217 3136 1378 3198 unde
1415 3146 1508 3195 est
1534 3133 1657 3193 vita
1694 3145 1757 3192 et
1795 3131 1974 3206 salus,

226 3242 348 3283 non
378 3222 651 3307 percipit.
720 3222 805 3283 Et
830 3222 980 3282 tales
1009 3220 1255 3303 indigne
1282 3219 1472 3279 edunt
1499 3216 1575 3276 de
1606 3236 1813 3275 mensa
1838 3214 1971 3275 Do-

218 3306 398 3368 mini.
466 3305 595 3371 Qui
634 3313 839 3365 uidem
880 3304 1133 3386 indigne
1170 3303 1359 3363 edunt
1395 3300 1470 3360 de
1503 3320 1666 3380 pane
1702 3297 1974 3372 Domim',

212 3387 648 3471 -etdepoculo
686 3407 818 3470 (qus
854 3382 1388 3467 bibunt,reifiunt
1426 3381 1695 3463 corporis
1732 3387 1976 3442 οἰωνι-

325 3472 341 3487 ’
392 3473 408 3488 ’
466 3471 742 3545 Domim‘‚
771 3477 832 3531 et
857 3467 1259 3551 adjudicium
1283 3466 1400 3528 sibi
1427 3463 1613 3527 edunt
1650 3470 1711 3526 et
1748 3463 1974 3527 bibiane.

216 3494 398 3622 flam
425 3576 577 3619 -cum
606 3575 746 3615 vera
786 3551 908 3615 fide
948 3573 1069 3613 non
1113 3548 1419 3623 accedant,
1456 3558 1714 3612 mortem
1743 3546 1971 3609 Christi

1050 3653 1088 3694 c
1115 3644 1154 3697 3

1681 3775 1716 3788 ae‘
