2418 4172
478 355 551 411 60
1110 359 1597 415 CONFESSIO

477 511 648 562 catur
697 500 841 563 item
893 522 1109 583 corpus
1162 501 1409 576 Christi,
1450 503 1591 583 quia
1644 501 1848 564 fideles
1899 515 2044 565 sunt
2093 502 2229 565 vivs
2300 511 2302 513 ’

475 582 701 645 Christi
737 585 1010 645 membra
1039 585 1154 645 sub
1183 586 1380 668 capite
1408 585 1672 646 Christo.

559 665 765 750 Caput
792 679 884 728 est
920 667 1084 748 quod
1117 668 1175 728 in
1217 690 1463 752 corpore
1500 668 1888 729 eminentiam
1934 667 2137 743 habet,
2163 680 2228 731 et

476 748 637 810 unde
678 771 895 832 corpus
937 749 1120 811 vitam
1166 751 1383 824 haurit,
1422 751 1595 831 cujus
1641 751 1852 833 spiritu
1892 751 2121 832 regitur
2161 750 2223 812 in

472 832 777 907 omnibus,
823 832 982 893 unde
1025 845 1084 893 et
1125 834 1495 894 incrementa
1538 847 1599 895 et
1643 847 1711 894 ut
1753 847 1979 894 crescat
2024 832 2223 897 habet.

476 914 743 977 Unicum
779 915 921 976 item
955 929 1045 976 est
1072 938 1144 976 co
1257 916 1335 976 ris
1357 928 1559 998 caput,
1580 929 1642 976 et
1670 939 1809 976 cum
1843 937 2090 999 corpore
2119 914 2227 980 hs·

473 998 578 1059 bet
604 998 1080 1079 congruentiam.
1147 938 1331 1079 Ego
1353 1000 1600 1060 ecclesia
1640 1021 1761 1059 non
1882 1009 1998 1060 test
2027 998 2221 1061 ullum

473 1079 634 1141 aliud
677 1081 896 1141 habere
938 1093 1122 1163 caput
1164 1103 1347 1162 quam
1388 1081 1724 1142 Christum.
1877 1103 1976 1143 am
2018 1093 2085 1143 ut
2127 1103 2226 1143 ec-

472 1162 653 1224 clesia
702 1185 920 1244 corpus
969 1177 1062 1223 est
1103 1163 1431 1246 spirituale,
1474 1164 1559 1224 ita
1605 1176 1791 1247 caput
1842 1164 2061 1226 habeat
2108 1164 2222 1226 sibi

469 1267 808 1328 congruens
847 1244 1156 1339 spirituale
1199 1245 1408 1326 utique
1436 1257 1693 1327 oportet.
1777 1245 1916 1307 Nec
1946 1247 2063 1309 alio
2091 1259 2225 1330 pot-

470 1338 563 1388 est
619 1328 741 1409 regi
801 1327 1033 1410 spiritu,
1090 1349 1273 1408 quam
1332 1326 1579 1387 Christi.
1671 1327 1895 1388 Paulus
1960 1349 2224 1411 quoque,

470 1410 703 1471 Coloss.
747 1410 784 1470 i.
832 1410 974 1491 Ipse
1011 1418 1099 1471 est
1136 1418 1335 1491 caput,
1372 1410 1589 1490 inquit,
1635 1410 1904 1492 corporis
1946 1409 2225 1487 eccles-io,

468 1493 576 1591 qui
612 1501 702 1554 est
729 1493 1122 1574 principium,
1143 1494 1592 1576 primogenitus
1630 1514 1704 1553 ex
1730 1493 2008 1567 mortuis,
2035 1502 2108 1556 ut
2140 1495 2226 1559 sii

467 1598 491 1636 ι
564 1598 596 1637 e
637 1577 703 1636 in
745 1577 1017 1638 omnibus
1053 1578 1292 1656 primas
1333 1585 1555 1637 tenena.
1638 1575 1725 1636 Et
1774 1575 1935 1637 idem
1982 1577 2225 1650 iterum,

468 1598 695 1719 ἕηκε.
736 1681 790 1719 v.
842 1658 1122 1720 Christus
1164 1668 1272 1732 est,
1316 1659 1532 1740 inquit,
1576 1667 1759 1740 caput
1803 1658 2081 1731 ecclesia,
2210 1658 2226 1676 ⁶

467 1681 625 1803 isem
651 1741 912 1803 salutem
942 1742 1050 1802 dat
1079 1743 1330 1822 corpori.
1401 1741 1485 1802 Et
1512 1764 1732 1815 rursus,
1761 1741 1989 1839 Ephes.
2018 1743 2058 1804 i.
2093 1681 2226 1809 gi}

469 1833 560 1886 est
602 1833 786 1907 caput
835 1824 1113 1899 eccle-sice,
1157 1825 1259 1898 ait,
1300 1847 1428 1907 quae
1472 1846 1691 1906 corpus
1731 1824 1921 1899 illius,
1964 1825 2223 1908 comple.

466 1915 732 1969 mentum
761 1907 891 1991 ejus
961 1909 1026 1968 αἱ
1046 1909 1248 1969 omnia
1275 1908 1339 1968 in
1366 1907 1640 1968 omnibus
1668 1907 1978 1990 adimplet.
2041 1908 2224 1984 Item,

465 1990 695 2074 Ephes.
725 1990 801 2051 iv.
832 1990 897 2052 A
937 1990 1272 2051 oles-camus
1299 1991 1363 2051 in
1401 1989 1576 2051 illum
1601 2012 1717 2072 per
1742 1992 1966 2065 omnia,
1990 1992 2096 2075 qui
2133 2001 2224 2054 est

467 2082 668 2155 caput,
684 2095 898 2155 netnpe
925 2073 1212 2134 Christus
1231 2098 1252 2134 .-
1297 2074 1362 2133 in
1385 2094 1503 2170 quo
1524 2081 1716 2134 totum
1740 2094 1957 2155 corpus
1981 2075 2039 2135 a·
2064 2095 2225 2137 cons-

457 2157 777 2240 pingatur,
806 2158 1240 2218 incrementum
1270 2164 1450 2237 capet.
1536 2155 1681 2216 Non
1718 2158 2046 2239 probamus
2080 2178 2224 2241 ergo

463 2238 797 2300 doctrinam
830 2240 969 2300 cleri
1001 2238 1264 2300 Romani
1298 2238 1569 2299 facientis
1619 2260 1795 2299 suum
1833 2239 2006 2302 illum
2039 2239 2221 2302 Rom.

465 2334 630 2404 pont.
674 2323 985 2384 catholica»,
1028 2322 1090 2382 in
1135 2322 1304 2382 terris
1353 2321 1619 2383 ecclesiae
1666 2322 1982 2384 militantis
2023 2335 2225 2406 pasto-

465 2427 588 2465 rem
624 2406 1040 2479 universalem,
1061 2417 1123 2465 et
1150 2427 1220 2466 ca
1266 2418 1333 2465 ut
1361 2427 1695 2478 summum,
1718 2404 1988 2487 adeoque
2009 2428 2217 2469 verum

464 2487 690 2548 Christi
730 2488 1040 2559 vicarium,
1083 2487 1187 2569 qui
1223 2427 1444 2549 habeat
1494 2488 1553 2548 in
1599 2487 1851 2550 ecclesia
1897 2488 2223 2572 plenitudi-

464 2591 627 2645 nem,
657 2581 726 2630 ut
763 2582 997 2645 vocant,
1110 2571 1359 2641 testatis,
1388 2582 1449 2631 et
1477 2570 1814 2632 dominium
1846 2593 2218 2655 supremum.

461 2651 775 2714 Docemus
804 2653 964 2715 enim
1037 2653 1308 2714 'hristum
1340 2654 1682 2715 Dominum
1712 2676 1862 2729 esse,
1884 2666 1947 2716 et
1976 2676 2219 2716 manere

463 2735 710 2798 unicum
744 2737 1047 2798 Pastorem
1088 2737 1507 2811 universalem,
1536 2759 1844 2799 summum
1883 2737 2030 2799 item
2061 2737 2220 2800 Pon-

463 2818 689 2880 tificem
720 2841 920 2882 coram
954 2819 1091 2880 Deo
1131 2820 1324 2893 Patre,
1360 2842 1430 2880 ac
1473 2820 1534 2880 in
1567 2820 1819 2882 ecclesia
1856 2820 2056 2904 ipsum
2084 2842 2220 2883 om-

462 2900 563 2962 nia
590 2902 896 2987 pontificis
924 2902 1018 2964 vel
1049 2902 1300 2985 pastoris
1339 2901 1506 2963 obire
1542 2903 1769 2976 munia,
1797 2902 1871 2964 ad
1904 2905 2090 2965 finem
2120 2924 2220 2964 us-

463 3006 583 3066 que
610 2985 815 3061 seculi,
842 2985 1099 3067 ideoque
1127 2985 1296 3046 nullo
1320 2985 1584 3068 indigere
1603 2985 1847 3060 vicario,
1867 2986 1974 3081 qui
2002 2986 2218 3047 absen-

463 3070 539 3130 tis
578 3086 684 3130 est.
771 3069 1051 3131 Christus
1080 3090 1219 3130 vero
1261 3090 1519 3151 proesens
1558 3080 1650 3129 est
1691 3068 1981 3143 ecclesioe,
2016 3078 2077 3130 et
2120 3091 2219 3131 cs-

464 3164 575 3234 put
614 3152 940 3214 vivificum.
1029 3151 1154 3213 Hic
1189 3151 1475 3234 apostolis
1519 3151 1641 3212 suis
1685 3151 2217 3235 apostolorumque

463 3235 901 3297 successoribus
958 3235 1286 3319 primatum
1338 3246 1401 3296 et
1448 3233 1787 3295 dominium
1847 3234 1910 3316 in
1965 3234 2216 3297 ecclesis

464 3319 833 3381 severissime
862 3317 1190 3403 prohibuit.
1261 3317 1628 3399 Quicunque
1657 3339 1802 3400 ergo
1825 3315 1968 3379 huic
1997 3316 2212 3379 illustri

466 3400 696 3463 veritati
740 3401 1215 3464 contradicentes
1258 3400 1643 3476 reluctantur,
1684 3413 1747 3462 et
1787 3400 1846 3461 in
1896 3398 2211 3462 eeclesiam

463 3483 687 3544 Christi
718 3483 1011 3546 diversam
1044 3483 1340 3546 inducunt
1368 3484 1886 3568 gubernationem,
1912 3480 2048 3563 quis
2088 3503 2211 3542 non

462 3563 660 3625 videat
700 3588 800 3626 eos
846 3567 960 3628 illis
1000 3567 1199 3650 potius
1242 3589 1372 3628 csse
1414 3564 1835 3639 accensendos,
1868 3562 1946 3626 de
1988 3562 2211 3646 quibus

462 3648 716 3730 apostoli
739 3648 966 3711 Christi
989 3649 1405 3723 vaticinantur,
1423 3648 1631 3711 Petrus
1655 3659 1691 3710 2
1724 3646 1850 3709 Pet.
1881 3645 1944 3709 ii.
1973 3659 2037 3710 et
2061 3647 2213 3710 Pau-

2344 3468 2355 3477 0

2372 3639 2380 3651 ‹
2373 3595 2387 3622 ο-
2363 3334 2396 3571 §tw
2370 2804 2393 3315 -aesO—-s—m-·r·m·--0⁶w·⁴
2379 2630 2395 2787 mmm-
2384 2591 2393 2615 m·
2387 2543 2394 2556 Ι
2389 2494 2396 2523 ..,
2383 2432 2394 2450 .-

2369 2249 2400 2349 ..οὲ
