2418 4172
790 380 1294 434 PRAEFATlo.
1810 382 1910 434 401

169 522 511 609 provinciis,
554 522 915 583 authoritate
957 544 1082 595 sua,
1124 520 1572 583 Dordreclitum
1624 543 1916 584 convoca-

170 604 308 678 rint,
335 604 615 686 expetitis
661 604 734 665 ad
777 626 908 666 eam
954 615 1015 665 et
1058 604 1258 665 favore
1298 601 1654 664 serenissimi
1698 626 1766 663 ae
1805 628 1911 686 po-

169 686 488 748 tentissimi
529 686 772 768 Magnae
806 687 1134 747 Britanniae
1177 685 1331 766 regis
1356 685 1614 755 JACOBI,
1646 695 1705 744 et
1750 686 1912 746 illus-

167 768 564 830 trissimorum
606 769 968 850 principum,
997 767 1313 839 comitum,
1342 778 1403 825 et
1444 768 1912 848 rerumpublica-

168 872 326 924 rum,
368 850 718 944 impetratis·
750 850 1022 931 plurimis
1073 848 1434 929 gravissimis
1483 849 1799 930 theologis,
1846 864 1912 911 ut

170 953 479 996 communi
511 942 602 991 tot
625 930 987 992 Reformatoe
1009 931 1295 991 Ecclesiae
1317 930 1735 1012 theologorum
1751 932 1914 1010 judi-

169 1015 284 1089 cie,
311 1014 425 1076 ista
447 1014 727 1074 Amnum
758 1013 1006 1094 ejusque
1036 1026 1392 1073 sectatorum
1425 1013 1711 1094 dogmata
1741 1037 1915 1075 accu-

168 1107 315 1172 nte,
341 1107 405 1158 et
441 1117 516 1157 ex
559 1097 687 1156 solo
715 1096 833 1156 Dei
864 1098 1063 1169 verb0‚
1092 1095 1579 1175 dijudicarentur,
1607 1119 1744 1157 vcra
1774 1097 1915 1158 doc-

156 1178 326 1242 trina
373 1178 754 1253 stabiliretur,
798 1190 859 1239 et
915 1179 1060 1238 falsa
1110 1178 1468 1258 rejiceretur,
1505 1178 1913 1261 Ecclesiisque

169 1260 436 1355 Belgicis
463 1261 799 1333 concordia,
827 1283 944 1343 pax
975 1272 1035 1321 et
1063 1261 1483 1342 tranquillitas,
1505 1261 1706 1322 divina
1735 1263 1913 1322 bene-

169 1343 453 1418 dictione,
495 1344 919 1404 restitueretur.
1007 1343 1149 1403 Hoc
1193 1356 1283 1403 est
1328 1343 1472 1403 illud
1523 1344 1642 1403 Dei
1692 1345 1915 1405 benefi-

172 1427 356 1500 cium,
393 1427 454 1486 in
496 1448 620 1507 quo
661 1427 935 1487 exultant
972 1426 1260 1486 Ecclesiae
1291 1426 1573 1506 Belgicae‚
1614 1437 1675 1486 et
1720 1427 1914 1487 fidelis

172 1508 498 1570 Servatoris
541 1509 631 1569 sui
678 1509 1083 1569 miserationes
1130 1508 1436 1568 humiliter
1464 1523 1814 1591 agnoscunt,
1844 1532 1913 1571 ac

172 1602 340 1675 grate
366 1590 710 1674 proedicant.

258 1675 412 1734 Hoec
441 1673 621 1754 igitur
638 1672 972 1732 veneranda
1001 1672 1280 1754 Synodus
1303 1672 1546 1765 (praevia
1567 1695 1673 1753 per
1691 1672 1914 1733 summi

174 1754 556 1837 magistratus
601 1755 1025 1814 authoritatem
1076 1755 1136 1813 in
1177 1756 1459 1814 omnibus
1495 1754 1757 1835 Belgicis
1796 1755 1918 1815 Ec-

173 1837 391 1912 cledis,
421 1837 495 1898 ad
525 1837 626 1897 irae
655 1837 774 1898 Dei
805 1836 1286 1918 deprecationem
1331 1847 1391 1895 et
1429 1836 1669 1916 gratiosi
1710 1837 1916 1897 auxilii

173 1919 676 2002 implorationem,
706 1941 949 2001 precum
983 1931 1043 1978 et
1061 1918 1275 1998 jejunii
1309 1918 1634 1978 indictione
1664 1931 1723 1979 et
1763 1921 1919 1980 cele.-

174 2002 472 2079 bratione)
504 2002 563 2061 in
595 2004 839 2061 nomine
869 2002 1119 2060 Domini
1145 2001 1506 2060 Dordrechti
1541 2014 1919 2084 congregata,

175 2084 362 2145 divini
380 2083 668 2144 Numinis
699 2096 761 2143 et
790 2083 995 2142 salutis
1022 2082 1307 2143 Ecclesiae
1338 2106 1586 2142 accensa
1617 2106 1836 2157 amore,
1859 2096 1920 2143 et

176 2178 315 2250 post
359 2166 701 2226 invocatum
740 2165 860 2225 Dei
900 2187 1141 2236 nomen,
1187 2176 1392 2225 sancto
1423 2165 1772 2243 juramento
1814 2168 1922 2226 ob-

178 2249 400 2323 stricta,
445 2270 508 2308 se
572 2248 758 2307 solam
825 2248 1193 2329 Scripturam
1258 2269 1482 2307 sacram
1546 2270 1653 2329 pro
1700 2248 1917 2327 judicii

177 2353 390 2392 norma
417 2330 777 2402 habituram,
806 2341 866 2389 et
904 2329 965 2388 iii
1004 2351 1230 2389 caussae
1271 2329 1449 2408 hujus
1489 2331 1831 2410 cognitione
1859 2341 1922 2390 et

167 2412 419 2494 judicie,
483 2413 641 2472 bona
713 2412 1061 2492 integraque
1132 2412 1499 2472 conscientia
1554 2425 1918 2473 versaturam

178 2518 327 2570 esse,
355 2494 471 2555 h‘oc
500 2494 624 2576 egit
654 2493 863 2554 sedulo
896 2515 1232 2575 magnaque
1265 2494 1574 2575 patientia,
1607 2506 1672 2554 ut
1709 2495 1923 2576 praeci-

178 2600 331 2672 puos
375 2578 591 2637 horum
634 2576 989 2658 dogmatum
1035 2589 1333 2658 patronos,
1362 2597 1559 2636 coram
1594 2599 1655 2636 se
1686 2578 1919 2650 citatOS,

179 2659 487 2720 induceret
542 2659 615 2719 ad
667 2658 1025 2719 sententiam
1084 2681 1254 2719 suam
1302 2658 1376 2718 de
1422 2658 1708 2739 Quinque
1764 2660 1920 2719 notis

180 2741 469 2810 doctrinoe
510 2740 846 2823 Capitibus,
885 2741 1315 2821 sententiaeque
1366 2741 1641 2814 ratione3‚
1686 2742 1920 2822 plenius

181 2822 584 2907 exponendas.
667 2823 788 2883 Sed
837 2846 975 2883 cum
1023 2823 1250 2905 Synodi
1290 2822 1588 2903 judicium
1646 2824 1923 2905 repudia-

181 2918 333 2979 rent,
361 2917 542 2987 atque
585 2904 659 2965 ad
703 2905 1168 2986 interrogatoria,
1198 2928 1287 2978 e0,
1325 2927 1447 2986 quo
1489 2927 1728 2984 aequum
1776 2917 1920 2979 erat,

184 2987 368 3051 modo
401 2986 757 3070 respondere
790 2986 1204 3060 detrectarent,
1233 3010 1428 3067 neque
1468 2987 1696 3068 Synodi
1730 2988 1923 3047 moni-

185 3072 396 3143 tiones,
434 3092 546 3130 nec
588 3060 1008 3151 generosorum
1055 3083 1234 3151 atque
1277 3069 1782 3152 amplissimorum
1829 3093 1922 3129 or-

184 3153 396 3214 dinum
446 3153 813 3234 generalium
855 3152 1285 3232 Delegatorum
1339 3151 1639 3225 mandata,
1672 3153 1795 3211 imo
1844 3175 1921 3213 ne

186 3237 201 3296 i
250 3257 449 3295 sorum
501 3233 747 3315 quidem
794 3234 1326 3294 illustrissimorum
1376 3245 1437 3293 et
1480 3246 1916 3315 praepotentum

186 3258 333 3380 BD.
362 3316 640 3377 ordinum
685 3317 1047 3397 generalium
1095 3316 1362 3397 imperia,
1391 3316 1713 3396 quicquam
1762 3317 1920 3400 apud

189 3401 322 3461 illos
357 3400 731 3482 proficerent,
760 3399 935 3458 aliam
967 3398 1123 3457 viam
1156 3397 1478 3458 eorundem
1512 3398 1918 3459 Dominorum

178 3483 372 3563 jussu,
400 3494 461 3542 et
488 3502 561 3541 ex
593 3480 1025 3541 consuetudine
1043 3483 1172 3559 jani
1213 3480 1355 3540 olim
1397 3479 1459 3540 iii
1498 3480 1740 3562 synodis
1770 3482 1923 3543 anti-

190 3565 325 3647 quis
353 3576 611 3647 recepta,
640 3563 866 3645 ingredi
898 3578 1103 3623 coacta
1135 3562 1283 3631 fuit;
1328 3574 1508 3643 atque
1550 3585 1623 3623 ex
1668 3565 1922 3647 scriptis,

191 3647 681 3721 confessionibus,
709 3669 778 3707 ac
805 3644 1322 3718 declarationibus,
1350 3645 1567 3727 partim
1600 3658 1773 3744 antea
1801 3646 1925 3708 edi·
2027 3642 2036 3646 ⁵

1004 3727 1114 3787 nd
