2418 4172
0 316 37 1077 ·³·‘=·2‘·W-.-1-1-—-=--—--·m
19 331 21 333 .
0 300 4 315 ·
0 229 10 277 0-2’

637 345 1185 401 AUGUSTANA
1235 342 1492 398 MDxL.
1823 344 1930 402 187

189 491 439 562 fiuntur,
466 487 707 569 adjuvet
742 501 805 551 et
841 489 1150 572 gubernet.
1236 486 1439 555 Quare
1479 482 1541 545 in
1579 484 1747 544 omni
1786 485 1928 558 vita,

186 573 256 637 ’-
295 582 465 634 tanta
506 572 853 634 infirmitate
896 582 1141 642 naturae,
1170 569 1325 630 inter
1367 567 1475 628 has
1502 564 1749 628 Diaboli
1790 566 1932 628 insi-

185 653 343 728 dias,
370 654 433 716 in
473 655 756 717 omnibus
796 653 1072 736 periculis
1100 648 1430 713 exercenda
1457 658 1548 709 est
1577 647 1724 709 fides
1754 648 1813 709 in
1844 649 1934 709 in-

189 738 520 811 vocatione,
550 748 618 798 ut
654 756 1024 820 perseverare
1063 734 1125 794 in
1165 732 1284 792 fide
1319 744 1380 791 et
1417 729 1758 791 obedientia
1794 752 1933 812 erga

190 818 396 882 Deum
442 819 756 902 possimus.
840 817 1056 896 Itaque
1095 813 1418 876 Zacharias
1464 813 1680 892 inquit,
1708 812 1935 897 Effln»

189 902 333 965 dam
372 923 558 984 super
596 902 832 962 domum
860 898 1089 972 David,
1120 906 1178 959 et
1213 918 1398 978 super
1426 895 1798 957 habitatores
1822 896 1935 957 Je-

186 984 477 1057 rusalem,
515 985 799 1066 spiritum
840 983 1060 1065 gratiae
1104 988 1165 1042 et
1212 1001 1479 1061 precum.
1564 978 1712 1040 Ideo
1768 979 1930 1040 enim

189 1079 368 1130 vocat
400 1068 684 1149 spiritum
708 1067 948 1150 gratim,
975 1064 1136 1147 quod
1167 1063 1423 1146 Spiritus
1454 1062 1709 1124 Sanctus
1746 1062 1936 1144 erigat

189 1161 255 1212 et
291 1151 633 1213 consoletur
668 1148 1115 1233 perterrefactas
1160 1159 1413 1218 mentes,
1441 1157 1502 1206 et
1536 1156 1788 1206 testetur
1825 1167 1935 1206 nos

192 1232 414 1296 babere
455 1233 660 1295 Deum
721 1233 1044 1315 placatum.
1130 1230 1214 1291 Et
1259 1242 1434 1290 vocat
1478 1229 1763 1309 spiritum
1794 1249 1939 1309 pre-

195 1337 349 1388 cum,
386 1328 453 1377 ut
503 1316 683 1376 fidem
731 1314 965 1375 assidue
1009 1314 1069 1373 in
1116 1313 1488 1372 invocatione
1531 1333 1936 1385 exerceamus,

196 1409 264 1459 ut
310 1420 417 1482 per
466 1398 595 1459 baec
644 1397 927 1459 exercitia
973 1396 1359 1457 confirmetur
1401 1394 1567 1468 fides,
1609 1405 1670 1454 et
1711 1404 1938 1455 crescat
2045 1461 2064 1477 ⁶

197 1502 353 1542 nova
380 1492 521 1541 vita.

276 1562 363 1630 Et
401 1584 555 1624 verae
598 1562 845 1623 virtutes
888 1561 1019 1621 sine
1053 1560 1175 1620 ulla
1208 1558 1583 1620 dubitatione
1611 1569 1753 1619 sunt
1778 1556 1939 1619 dona

193 1644 336 1715 Dei.
364 1643 533 1718 fides,
735 1642 920 1705 'cacia
937 1642 1151 1721 judicii
1177 1641 1237 1701 in
1259 1639 1667 1702 discernendis
1686 1639 1939 1720 dogma-

194 1727 375 1799 tibus,
402 1727 678 1808 magnitu
723 1748 761 1786 o
796 1724 987 1785 animi
1024 1724 1265 1804 qualem
1307 1744 1439 1784 esse
1482 1743 1725 1784 necesse
1755 1733 1847 1782 est
1873 1722 1939 1783 in

196 1809 310 1885 bin,
335 1809 440 1891 qui
470 1808 854 1890 evangelium
894 1806 1117 1868 docent
1144 1818 1206 1867 et
1233 1806 1615 1878 confitentur,
1641 1826 1780 1865 vera
1806 1803 1943 1865 dili-

196 1892 401 1976 gentia
443 1893 504 1953 in
544 1890 818 1973 regendis
855 1890 1141 1959 ecclesiis,
1169 1910 1307 1950 vera
1342 1887 1652 1949 humilitas
1681 1909 1806 1948 non
1837 1909 1944 1969 ap·-

195 1986 399 2059 pemre
441 1973 796 2056 potentiam,
836 1994 963 2033 non
1011 1971 1205 2052 frangi
1263 1970 1539 2054 populari
1589 1970 1788 2031 favore
1838 1980 1944 2031 aut

196 2056 359 2130 odio,
388 2078 527 2118 vera
562 2056 826 2127 castitas,
854 2056 961 2115 διο.
1048 2054 1182 2116 Has
1219 2053 1484 2115 heroicas
1511 2053 1761 2114 virtutes
1790 2052 1944 2114 Pau·-

198 2139 294 2202 lus
322 2149 496 2200 vocat
520 2137 678 2199 dona
704 2137 847 2211 Dei,
877 2136 1135 2198 Roman.
1157 2136 1262 2197 xii.
1282 2135 1599 2197 Habentes
1626 2135 1945 2196 dissimilia

199 2222 359 2284 dona
383 2221 710 2284 secundum
733 2220 1010 2314 gratiam
1038 2218 1207 2280 nobis
1235 2218 1460 2280 datam.
1530 2217 1615 2279 Et
1634 2217 1711 2278 de
1732 2217 1826 2278 his
1849 2218 1945 2279 in·-

199 2303 335 2386 quit
369 2303 445 2365 ad
481 2302 848 2376 Corinthios,
877 2301 1031 2364 Haec
1073 2299 1260 2385 efficit
1298 2322 1453 2362 unus
1498 2309 1558 2362 et
1602 2301 1761 2362 idem
1806 2300 1948 2382 Spi-

199 2387 377 2457 ritus,
399 2386 768 2448 dtembuens
795 2383 1075 2478 singulte,
1106 2385 1215 2445 &c
1258 2383 1463 2446 Debet
1492 2394 1693 2445 autem
1719 2382 1792 2444 ad
1817 2383 1947 2445 baee

199 2468 360 2532 dona
401 2468 678 2531 accedere
720 2468 1070 2529 exercitatio
1112 2478 1331 2539 nostra,
1361 2487 1495 2546 quae
1537 2479 1599 2526 et
1636 2475 1947 2527 conservat

202 2574 274 2615 ea
320 2563 383 2614 et
427 2564 691 2613 meretur
738 2551 1203 2624 incrementum,
1237 2548 1416 2629 juxta
1462 2548 1630 2621 illud,
1672 2547 1950 2608 Habenti

204 2634 470 2697 dabitur.
555 2635 639 2696 Et
678 2633 1058 2715 Augustinus
1097 2632 1375 2727 praeclare
1413 2631 1589 2705 dixit,
1617 2639 1655 2666 “
1679 2630 1947 2691 Dilectio

201 2723 239 2757 ‘⁸
270 2728 529 2778 meretur
570 2718 1015 2779 incrementum
1063 2715 1422 2785 dilectionis,
1467 2736 1607 2775 cum
1667 2713 1947 2773 videlicet

205 2806 243 2837 ‘⁶
269 2800 626 2861 emercetur?
711 2799 960 2861 Habent
1014 2799 1177 2859 enim
1237 2800 1395 2859 bona
1452 2819 1633 2878 opera
1682 2795 1948 2877 praemia,

208 2901 348 2942 cnm
378 2880 440 2942 in
470 2881 585 2942 hac
611 2882 752 2953 vita,
775 2893 906 2942 tum
930 2892 1068 2963 post
1092 2881 1248 2942 hanc
1269 2881 1453 2940 vitam
1479 2879 1540 2939 in
1563 2879 1685 2938 vita
1706 2889 1946 2940 aeterna.

210 2962 373 3032 Quin
408 2963 568 3024 enim
608 2964 859 3025 ecclesia
896 2964 958 3024 in
990 2964 1103 3024 bac
1131 2963 1254 3024 vita
1283 2962 1550 3042 subjecta
1578 2972 1670 3021 est
1697 2960 1856 3021 cruci
1886 2970 1950 3020 et

211 3044 391 3106 morti
429 3046 740 3127 corporali,
766 3045 1118 3116 differuntur
1154 3046 1401 3128 praemia
1438 3044 1719 3126 pleraque
1754 3042 1827 3103 ad
1857 3042 1951 3103 fu-

211 3137 408 3188 turam
446 3127 653 3202 vitam,
680 3149 815 3210 quae
850 3127 1088 3190 etiamsi
1130 3150 1239 3211 per
1279 3125 1745 3189 misericordiam
1787 3135 1951 3186 certo

211 3220 459 3303 propter
494 3209 806 3271 Christum
844 3211 1145 3292 contingit
1183 3211 1277 3271 his
1317 3210 1421 3290 qui
1467 3208 1685 3270 fiducia
1723 3206 1950 3268 Christi

202 3292 519 3372 justificati
558 3303 719 3366 sunt,
746 3304 949 3353 tamen
988 3294 1170 3353 etiam
1199 3303 1291 3352 est
1318 3289 1729 3373 compensatio
1762 3289 1951 3351 bono·

213 3395 350 3472 rum
385 3396 657 3518 (iffmm'
675 3374 855 3454 juxta
892 3374 1061 3449 illud,
1091 3374 1333 3435 Merces
1363 3382 1566 3434 vestra
1596 3372 1835 3455 copiosa
1862 3379 1955 3434 eut

213 3477 283 3519 sn
309 3477 399 3518 eoe
480 3502 495 3518 .

298 3538 398 3601 Ex
443 3539 538 3601 his
579 3538 721 3599 satis
765 3539 971 3619 liquet,
1000 3536 1336 3599 doctrinam
1377 3537 1673 3598 bonorum
1702 3557 1952 3621 operum

220 3619 340 3689 Dei
367 3622 682 3696 bfflefleio,
708 3620 809 3704 pie
835 3633 898 3683 et
924 3633 1083 3683 recte
1104 3619 1304 3683 doceri
1333 3619 1399 3681 in
1428 3619 1647 3682 nostris
1668 3617 1954 3701 ecclesiis.
2013 3687 2021 3691 ,

1649 3771 1682 3784 l
