2418 4172
435 348 540 402 180
1070 346 1553 403 CONFESSIO

440 489 661 552 Paulus
711 489 813 565 ait,
863 490 1057 551 Dives
1102 497 1191 550 est
1236 489 1299 550 in
1346 509 1564 563 omnes,
1592 489 1702 550 διο.
1787 489 2179 570 Quamquam

440 572 623 654 igitur
650 573 931 634 contritio
955 572 1172 651 aliqua,
1193 594 1295 632 seu
1320 571 1696 654 poenitentia,
1717 572 2046 633 necessaria
2065 583 2178 644 est,

436 666 639 716 tamen
698 655 1073 719 sentiendum
1133 666 1225 715 est
1280 654 1488 715 donari
1536 654 1710 715 nobis
1765 653 2177 716 remissionem

436 751 843 821 peccatorum,
872 750 932 799 et
962 737 1084 798 fieri
1117 759 1226 798 nos
1255 759 1329 798 ex
1362 737 1596 817 injustis
1615 737 1832 816 justos,
1861 735 1920 797 id
1951 746 2061 811 est,
2087 758 2179 798 re-

436 821 783 883 conciliatos
817 843 921 881 seu
958 833 1232 903 acceptos
1261 832 1323 880 et
1354 820 1507 880 filios
1536 820 1679 892 Dei,
1707 819 1908 901 gratis,
1937 830 2182 902 propter

437 902 770 974 Christum,
798 926 919 964 non
963 915 1206 985 propter
1245 902 1600 983 dignitatem
1644 902 2039 974 contritioniS,
2075 912 2182 962 aut

438 986 689 1047 aliorum
758 1007 1005 1068 operum
1074 984 1537 1067 proecedentium
1608 996 1711 1046 aut
1775 984 2178 1065 sequentium.

437 1067 557 1129 Sed
601 1067 720 1128 fide
764 1067 880 1127 boc
923 1067 1284 1128 beneficium
1322 1066 1736 1149 accipiendum
1768 1079 1877 1141 est,
1904 1088 2025 1148 qua
2052 1089 2178 1128 cre-

436 1149 576 1212 dere
619 1172 727 1210 nos
770 1159 1027 1230 oportet,
1054 1147 1216 1229 quod
1258 1160 1502 1230 propter
1529 1148 1839 1210 Christum
1871 1148 2045 1210 nobis
2072 1148 2180 1211 do-

436 1244 654 1293 nentur
706 1230 977 1291 remissio
1031 1241 1415 1312 peccatorum
1465 1241 1526 1290 et
1563 1229 1938 1309 justificatio.
2022 1230 2179 1293 Haec

436 1314 730 1374 sententia
761 1315 992 1373 firmam
1034 1312 1501 1373 consolationem
1542 1312 1981 1393 perterrefactis
2011 1334 2181 1375 men-

435 1396 596 1457 tibus
626 1395 811 1455 affert.
898 1394 982 1455 Et
1022 1416 1202 1475 quam
1250 1394 1576 1456 necessaria
1619 1394 1698 1455 sit
1724 1394 2016 1468 ecclesiae‚
2043 1416 2179 1477 per-

434 1478 533 1539 itae
585 1477 965 1539 conscientiae
1015 1477 1188 1538 facile
1221 1477 1496 1558 judicare
1534 1489 1806 1560 possunt.
1890 1476 1977 1538 Et
2025 1477 2176 1545 nibil

435 1561 619 1621 habet
662 1560 923 1633 absurdi,
953 1559 1102 1620 nihil
1194 1561 1528 1643 erplexum,
1563 1559 1712 1620 nihil
1759 1559 2177 1643 sophisticum.

431 1642 575 1703 Non
634 1654 725 1703 cst
775 1642 874 1702 hic
925 1665 1075 1724 opus
1125 1583 1631 1725 (lisputationibus
1677 1642 1754 1703 de
1795 1641 2179 1724 praedestina-

432 1725 595 1788 tione
625 1737 727 1785 aut
755 1725 1071 1786 similibus.
1154 1725 1316 1785 Nam
1350 1725 1665 1818 promissio
1693 1736 1784 1784 est
1811 1724 2179 1799 universalis,

431 1807 493 1868 et
531 1807 683 1868 nihil
722 1806 983 1868 detrahit
1020 1807 1320 1890 operibus,
1349 1829 1474 1867 imo
1512 1807 1837 1868 exsuscitat
1865 1806 1939 1868 ad
1969 1806 2175 1881 fidem,

430 1903 492 1951 et
548 1912 683 1951 vere
741 1891 898 1951 bona
953 1900 1186 1971 opera.'
1242 1889 1406 1950 Nam
1467 1890 1736 1950 remissio
1792 1901 2173 1971 peccatorum

429 1972 779 2034 transfertur
821 1995 855 2032 a
896 1972 1111 2032 nostris
1152 1972 1432 2053 operibus
1476 1971 1550 2032 ad
1594 1971 2079 2046 misericordiam,
2105 1984 2178 2034 ut

429 2054 507 2116 sit
558 2054 915 2116 beneficium
964 2065 1218 2127 certum,
1260 2076 1381 2114 non
1432 2064 1502 2114 ut
1550 2075 1659 2113 nos
1709 2053 1861 2114 nihil
1907 2074 2178 2137 agamus,

428 2138 530 2199 sed
563 2138 758 2198 multo
788 2136 999 2218 magis,
1030 2147 1098 2197 ut
1126 2136 1404 2209 sciamus,
1433 2135 1740 2217 quomodo
1772 2137 2008 2219 placeat
2032 2136 2178 2199 Deo

426 2230 628 2281 nostra
656 2219 999 2280 obedientia
1027 2218 1089 2279 in
1117 2230 1286 2280 tanta
1315 2219 1663 2280 infirmitate
1697 2230 1916 2281 nostra.
1989 2218 2174 2282 Hanc

427 2302 809 2377 sententiam,
837 2324 957 2383 qua
994 2314 1055 2363 et
1095 2302 1422 2363 illustratur
1461 2302 1651 2363 bonos
1680 2301 1928 2375 Christi,
1956 2314 2017 2364 et
2055 2301 2173 2385 piis

427 2386 731 2446 mentibus
762 2384 1091 2445 consolatio
1119 2384 1464 2445 dulcissima
1492 2396 1552 2445 et
1583 2384 1927 2445 firmissima
1955 2406 2174 2478 propo-

426 2467 605 2541 nitur,
634 2489 767 2547 quae
808 2489 1005 2526 veram
1051 2466 1466 2527 misericordiae
1504 2466 1719 2527 divinae
1758 2466 2167 2549 cognitionem

426 2549 713 2623 continet,
755 2559 815 2608 et
858 2571 1026 2609 veros
1072 2550 1291 2623 cultus,
1334 2560 1395 2609 et
1437 2560 1716 2609 oeternam
1763 2550 1948 2610 vitam
1994 2550 2170 2632 parit,

424 2632 720 2714 aspernari
762 2653 831 2691 ac
868 2631 1151 2692 damnare
1192 2632 1514 2715 plusquam
1547 2631 1885 2693 Pharisaica
1922 2633 2169 2694 coecitas

422 2726 531 2775 est.
616 2713 781 2774 Olim
827 2735 965 2774 cum
1014 2714 1145 2774 haec
1189 2713 1518 2775 consolatio
1561 2736 1680 2774 non
1724 2726 2171 2797 proponeretur,

423 2796 629 2858 multae
678 2795 907 2879 pavidae
955 2797 1334 2859 conscientiae
1377 2796 1600 2859 mederi
1643 2797 1757 2857 sibi
1800 2798 2173 2860 conabantur

422 2901 460 2939 o
541 2879 724 2951 ribus,
769 2878 865 2939 alii
919 2878 1099 2941 confu
1146 2880 1347 2940 'ebant
1397 2879 1470 2940 ad
1519 2879 1915 2941 monasticam
1960 2879 2181 2955 vitam,-

376 3015 381 3018 .
423 2983 456 3022 a
483 2961 520 3022 ii
573 2962 687 3023 alia
729 2982 909 3044 opera
950 2901 1272 3046 eligeffant,
1301 2961 1521 3043 quibus
1558 2973 1927 3025 mererentur
1957 2962 2169 3025 remis·

422 3044 651 3106 sionem
697 3056 1079 3127 peccatorum
1132 3057 1192 3105 et
1226 3044 1746 3126 justificationem.
1832 3045 1950 3107 Sed
2001 3046 2183 3109 nulla.-

421 3138 514 3188 est
551 3130 726 3189 firma
761 3127 1090 3189 consolatio
1117 3139 1334 3210 praeter
1363 3127 1518 3189 hanc
1545 3127 1880 3189 doctrinam
1908 3149 2179 3211 evange-2

421 3209 505 3283 lii,
547 3231 685 3291 quae
732 3209 911 3291 jubet
965 3209 1224 3285 credere,
1264 3209 1428 3291 quod
1476 3211 1659 3292 gratis
1708 3211 1880 3272 nobis
1922 3222 2167 3295 propter

421 3291 732 3355 Christum
778 3291 1077 3355 donentur
1117 3293 1388 3355 remissio
1431 3305 1813 3375 peccatorum
1852 3305 1915 3356 et
1938 3290 2162 3374 justifl-

421 3374 594 3436 catio.
678 3375 912 3456 Estque
955 3376 1083 3438 hoec
1121 3387 1247 3437 tota
1283 3375 1555 3438 doctrina
1589 3386 1934 3470 comparata
1957 3371 2032 3436 ad
2062 3393 2162 3433 ve-

421 3477 552 3516 rum
586 3458 731 3518 illud
762 3470 1064 3520 certamen
1096 3459 1529 3541 perterrefactoe
1557 3455 1951 3520 conscientie.

503 3538 620 3600 Sed
673 3539 962 3601 addemus
1012 3541 1241 3622 aliquot
1281 3541 1663 3603 testimonia:
1712 3537 1933 3600 Paulus
1976 3535 2155 3598 Rom.

418 3616 498 3679 iii.
533 3620 966 3701 Justfficamur
998 3625 1208 3704 gratis
1247 3624 1437 3704 ipsius
1472 3621 1706 3704 gratia,
1727 3640 1844 3701 per
1885 3619 2159 3702 redemp-

2361 3586 2378 3718 ἒ
2416 3671 2418 3715 ;

2359 3836 2371 3867 ³

2355 3902 2371 4017 ὲ,

2341 4018 2387 4172 i.
