2418 4172
517 651 844 705 PRIMUM
886 652 1322 706 DOCTRINAE
1364 648 1644 718 CAPUT,

1032 840 1108 876 DE

354 1002 714 1071 DIVINA
775 1004 1295 1074 PRAEDESTI
1310 1006 1785 1078 NATIONE.

747 1209 1347 1253 -.-.-.....--.

770 1367 1092 1428 Articulus
1109 1368 1367 1448 primus.

196 1469 409 1550 CUM
460 1506 671 1546 omnes
722 1485 996 1546 homines
1044 1485 1103 1545 in
1149 1484 1388 1545 Adamo
1437 1487 1834 1567 peccaverint,
1876 1499 1939 1548 et

195 1570 278 1630 rei
321 1569 443 1629 sint
483 1567 623 1628 facti
671 1567 1107 1628 maledictionis
1146 1578 1206 1627 et
1246 1567 1455 1628 mortis
1487 1579 1740 1642 aeternae,
1767 1568 1939 1631 Deus

195 1651 423 1712 nemini
452 1651 692 1711 fecisset
720 1649 1021 1728 injuriam,
1050 1649 1100 1708 si
1129 1649 1471 1711 universum
1503 1671 1691 1730 genus
1726 1650 1941 1712 huma-

193 1754 339 1795 num
371 1733 435 1793 in
466 1742 713 1814 peccato
741 1743 803 1791 et
833 1730 1255 1791 maledictione
1283 1731 1637 1811 relinquere,
1660 1754 1729 1792 ac
1759 1755 1941 1814 prop-

190 1826 283 1877 ter
306 1826 623 1898 peccatum
653 1813 942 1874 damnare
973 1813 1278 1886 voluisset,
1295 1812 1475 1892 juxta
1508 1812 1610 1873 illa
1637 1815 1938 1896 Apostoli,

197 1898 387 1960 Totus
438 1897 698 1958 mundus
762 1904 852 1956 est
905 1896 1192 1956 obnoxius
1249 1896 1727 1957 condemnationi
1784 1898 1933 1959 Dei.

194 1980 376 2041 Rom.
413 1979 497 2039 iii.
545 1991 638 2054 19.
693 1977 920 2039 Omnes
1010 1986 1365 2038 eccaverunt
1415 1986 1474 2038 et
1521 1978 1940 2041 destituuntur

185 2061 395 2146 glor-ia
423 2061 571 2122 Dei.
600 2083 748 2121 vers.
780 2071 879 2121 23.
949 1999 1053 2134 ἔῐ,
1083 2059 1464 2140 Stipendium
1496 2062 1738 2140 peccati
1774 2084 1938 2127 mors

193 2154 302 2207 est.
332 2143 513 2205 Rom.
542 2144 619 2204 vi.
653 2155 750 2205 23.
1020 2225 1086 2286 Π

272 2311 498 2372 Verum
541 2308 599 2369 in
642 2309 759 2369 hoc
789 2307 1167 2368 manifestata
1194 2318 1285 2368 est
1313 2307 1569 2368 charitas
1602 2307 1744 2383 Dei,
1772 2311 1936 2391 quod

190 2393 416 2455 Filium
446 2414 623 2452 suum
657 2390 1034 2472 unigenitum
1065 2390 1127 2449 in
1160 2390 1454 2450 mundum
1488 2390 1674 2464 misit,
1702 2404 1770 2453 ut
1803 2414 1936 2454 om·-

189 2477 283 2539 nis
311 2475 418 2558 qui
447 2473 635 2536 credit
663 2473 724 2533 in
754 2496 915 2546 eum,
942 2494 1063 2532 non
1137 2484 1316 2545 creat,
1346 2472 1448 2532 sed
1490 2473 1708 2533 habeat
1746 2475 1932 2537 vitam

191 2572 496 2620 aeternam.
546 2569 571 2616 1
607 2556 835 2617 Joban.
865 2555 941 2615 iv.
972 2568 1031 2630 9.
1069 2495 1294 2615 johan.
1324 2554 1406 2614 iii.
1438 2552 1529 2614 16.

995 2636 1116 2697 111.

0 2687 16 2823 Ξ
275 2722 371 2783 Ut
411 2733 610 2863 autelm
646 2719 1049 2862 ‚qulngsfld
1094 2718 1275 2812 fidem
1330 2718 1720 2812 adducantur,
1763 2720 1931 2864 Deus

0 2829 21 2988 ξ
190 2805 540 2970 ξῗὲῗᾚ,
565 2812 1934 2964 ⁸2?⁹3223d0⁰³3312⁰332f83⁰3335.{¹;¹.‘1{‚¹‘’÷‚{‚.

0 2999 16 3028 ,ι
191 2970 384 3031 mines
413 2968 488 3029 ad
518 2966 983 3049 resipiscentiam
1014 2978 1075 3026 et
1103 2966 1287 3026 fidem
1318 2966 1379 3024 in
1403 2964 1713 3025 Christum
1743 2968 1933 3027 cruci-

190 3055 383 3113 fixum
413 3061 716 3111 vocantur.
794 3048 1105 3113 Quomodo
1133 3049 1291 3109 enim
1320 3047 1563 3107 credent
1591 3047 1654 3107 in
1683 3069 1836 3123 eum,
1858 3050 1933 3110 de

0 3132 22 3196 ἶ.
190 3157 308 3219 quo
332 3155 450 3195 non
478 3131 785 3194 audierint
806 3132 844 3191 9
885 3131 1173 3213 quomodo
1201 3138 1403 3191 autem
1430 3129 1679 3190 audient
1705 3130 1932 3214 absque

185 3217 553 3299 pradia-ante
578 3216 616 3274 ‚⁹
678 3213 965 3295 quomodo
1019 3212 1452 3294 proedicabunt,
1513 3212 1633 3272 nisi
1673 3211 1930 3296 fuerint

0 3328 18 3507 β
189 3300 416 3363 missi?
460 3297 640 3358 Rom.
670 3316 727 3357 x.
765 3307 860 3370 14,
895 3307 1092 3438 15.1V
1350 3299 1357 3306 '

273 3463 396 3533 Qui
438 3462 578 3523 huic
606 3460 938 3552 Evangelio
979 3480 1098 3552 non
1140 3458 1410 3551 credunt,
1439 3480 1617 3540 super
1656 3482 1758 3520 eos
1803 3474 1962 3522 ma-‘

189 3557 293 3609 net
335 3546 422 3607 ira
461 3545 600 3606 Dei.
685 3543 808 3612 Qm
849 3563 988 3603 vero
1029 3539 1181 3601 illud
1223 3553 1535 3623 recipiunt,
1563 3553 1625 3602 et
1652 3541 1927 3606 Servato-

189 3650 315 3693 rem
342 3628 558 3693 Jesum
602 3648 740 3688 vera
782 3647 851 3687 ac
892 3624 1025 3685 viva
1045 3621 1180 3767 ἑὶεὲε
1214 3624 1673 3714 amplectuntur,
1702 3625 1789 3686 illi
1820 3649 1927 3711 per
2003 3649 2011 3653 ·

972 3725 1015 3766 D
1637 3731 1673 3746 1
