2418 4172
512 362 621 415 340
1143 357 1631 414 CONFESSIO

514 502 644 585 ipse
692 501 769 562 ab
819 501 1031 581 angelo
1070 501 1253 562 Jesus
1299 512 1544 562 vocatus
1594 501 1690 570 sit,
1733 498 1793 560 id
1836 511 1929 561 est
1966 499 2265 575 Senator,

518 582 682 679 quod
712 596 1047 644 servaturus
1077 594 1232 644 esset
1261 582 1555 666 populum
1587 603 1763 643 suum
1808 604 1843 643 a
1879 583 2141 665 peccatis
2175 584 2267 666 ip-

520 689 661 729 sius.

603 749 822 811 XXII.
851 747 1169 809 Credimus
1214 748 1507 830 Spiritum
1553 747 1842 807 Sanctum
1890 746 1950 806 in
1988 745 2268 809 cordibus

522 832 739 894 nostris
786 832 1156 892 habitantem
1200 853 1399 891 veram
1442 830 1614 890 nobis
1645 829 1827 889 fldem
1861 829 2174 912 impartiri,
2200 841 2272 891 ut

524 915 705 995 hujus
761 914 913 975 tanti
960 936 1019 974 m
1069 913 1227 974 sterii
1278 935 1476 974 veram
1528 912 1934 993 cognitionem
1978 909 2274 995 adipiscu-

524 1019 678 1059 mur.
766 997 919 1065 Quae
963 998 1003 1056 fi
1050 1018 1112 1056 es
1153 996 1367 1057 Jesum
1413 995 1748 1067 Christum,
1789 1016 1930 1055 cum
1988 994 2271 1055 omnibus

523 1079 648 1141 suis
673 1077 900 1139 meritis
923 1078 1325 1159 amplectitur,
1354 1078 1524 1138 illum
1574 1098 1647 1136 ue
1676 1076 1788 1136 sibi
1819 1097 1930 1138 ceu
1959 1076 2269 1160 proprium

522 1162 804 1223 effectum
866 1159 1147 1231 vindicat,
1203 1160 1477 1240 nihilque
1574 1158 1818 1251 einceps
1873 1171 2044 1220 extra
2096 1158 2270 1221 illum

417 1260 429 1269 ·
528 1243 758 1325 quaerit.
844 1241 1108 1302 Necesse
1146 1252 1239 1301 est
1271 1242 1454 1314 enim,
1484 1252 1587 1301 aut
1613 1261 1819 1301 omma
1846 1261 1985 1320 quae
2012 1240 2091 1302 ad
2115 1240 2276 1303 salu-

526 1338 652 1387 tem
697 1335 962 1385 nostram
1005 1324 1390 1404 requiruntur
1433 1323 1495 1384 in
1531 1322 1777 1382 Christo
1810 1344 1930 1383 non
1961 1344 2129 1393 esse3
2172 1333 2279 1385 aut

532 1408 581 1469 si
624 1407 744 1468 sint
770 1407 833 1467 in
863 1428 937 1467 eo
975 1406 1200 1480 omnia,
1228 1428 1391 1479 eum,
1416 1405 1524 1486 qui
1566 1405 1686 1466 fide
1713 1405 1932 1466 Jesum
1960 1404 2276 1468 Christum

616 1489 818 1563 ssidet,
861 1489 1041 1551 simul
1095 1489 1282 1550 etiam
1339 1488 1666 1571 perfectam
1726 1489 1946 1549 habere
2000 1487 2277 1550 salutem.

531 1513 752 1654 ffique
795 1572 1091 1633 horrenda
1132 1583 1224 1632 est
1266 1572 1515 1632 omnino
1553 1571 1614 1631 in
1643 1570 1851 1632 Deum
1884 1570 2280 1655 blasphemia,

532 1678 790 1718 asserere
811 1654 1125 1716 Christum
1156 1655 1408 1715 minime
1436 1654 1725 1727 sufficere,
1744 1653 1847 1714 sed
1878 1653 2008 1715 aliis
2036 1674 2281 1735 quoque

530 1739 710 1799 rebus
754 1760 906 1820 opus
949 1759 1098 1798 esse.
1185 1736 1338 1797 Inde
1374 1736 1536 1796 enim
1573 1747 1940 1816 sequeretur,
1966 1735 2278 1801 Christum

527 1843 613 1882 *ex
662 1832 831 1903 parte
880 1832 1116 1880 tantum
1164 1819 1538 1880 Servatorem
1585 1840 1730 1879 esse.
1818 1818 2046 1880 Merito
2097 1817 2283 1899 igitur

525 1905 787 1984 jureque
824 1902 1083 1975 dicimus
1124 1896 1265 1962 cum
1294 1902 1376 1963 D.
1403 1901 1610 1973 Paulo,
1639 1900 1775 1962 Nos
1800 1900 1932 1963 sola
1936 1899 2082 1985 fide
2087 1900 2284 1984 Justt-

513 1984 739 2069 ficari,
772 2006 884 2045 seu
906 1982 1055 2066 ¹fide
1101 1984 1327 2066 absque
1373 1984 1653 2064 operibus
1699 1982 1758 2042 le
1811 1984 1825 1997 ⁶
1857 2030 1871 2043 .
1954 1983 2285 2057 Caeterum‚

536 2067 776 2152 proprie
832 2065 1154 2147 loquend0‚
1200 2086 1581 2147 nequaquam
1642 2004 2037 2147 intelligimus
2091 2065 2284 2148 ipsam

538 2151 724 2212 fidem
770 2172 876 2232 per
918 2171 1000 2223 se,
1028 2171 1135 2210 seu
1177 2171 1253 2209 ex
1298 2171 1380 2222 se,
1410 2170 1519 2208 nos
1552 2146 1903 2227 justificare,
1929 2159 1999 2209 ut
2031 2169 2172 2229 quae
2210 2148 2290 2211 sit

537 2233 833 2295 duntaxat
874 2231 1057 2293 veluti
1104 2231 1593 2305 instrumentum,
1622 2252 1746 2311 quo
1773 2230 2084 2292 Christum
2106 2230 2289 2312 justi·

536 2316 685 2378 tiam
723 2326 988 2376 nostram
1028 2313 1560 2409 apprehendimus.
1642 2313 1923 2375 Christus
1953 2314 2135 2408 igitur
2160 2313 2289 2397 ipse

540 2411 633 2461 est
661 2411 861 2459 nostra
881 2397 1135 2477 justitia,
1158 2397 1261 2478 qui
1293 2397 1495 2458 omnia
1526 2418 1632 2457 sua
1661 2396 1834 2457 nobis
1858 2409 2069 2459 menta
2092 2397 2291 2479 impu-

542 2492 651 2555 tat,
681 2481 829 2541 fides
859 2502 998 2540 vero
1027 2493 1118 2540 est
1147 2480 1639 2554 instrumentum,
1668 2500 1791 2559 quo
1821 2479 1908 2539 illi
1944 2479 2005 2539 in
2041 2478 2286 2540 societa-

542 2575 668 2625 tem
700 2586 804 2623 seu
835 2562 1325 2623 communionem
1356 2562 1631 2623 omnium
1665 2562 1958 2627 bonorum
1983 2562 2170 2644 ipsius
2190 2583 2291 2623 co-

544 2646 844 2730 pulamur,
874 2659 1053 2725 atque
1098 2645 1160 2704 in
1203 2667 1273 2704 ea
1315 2644 1678 2704 retinemur:
1724 2642 1874 2705 adeo
1916 2654 1984 2704 ut
2020 2644 2124 2705 illa
2161 2664 2293 2705 om-

546 2729 647 2790 nia
695 2739 894 2789 nostra
944 2727 1171 2800 effecta,
1214 2727 1346 2809 plus
1396 2748 1579 2807 quam
1630 2726 1771 2787 satis
1829 2726 2004 2787 nobis
2049 2727 2172 2788 sint
2214 2726 2291 2788 ad

546 2811 730 2873 nostri
763 2810 1199 2871 absolutionem
1233 2832 1267 2869 a
1292 2809 1570 2892 peccatis.

631 2893 885 2955 XXIII.
916 2892 1235 2954 Credimus
1265 2915 1508 2956 omnem
1541 2892 1888 2955 felicitatem
1921 2904 2184 2955 nostram
2215 2892 2294 2954 si·

547 2988 670 3038 tam
709 2999 837 3038 esse
867 2977 926 3036 in
959 2987 1340 3058 peccatorum
1383 2987 1717 3036 nostrorum
1761 2977 2131 3049 remissione,
2159 2996 2295 3057 quoe

549 3072 639 3121 est
686 3060 745 3121 in
791 3058 1037 3120 Christo
1075 3059 1264 3119 Jesu:
1322 3080 1512 3151 eaque
1563 3059 1738 3120 unica
1786 3071 1977 3121 totam
2027 3072 2293 3121 nostram

537 3142 838 3224 justitiam
870 3164 1070 3203 coram
1102 3141 1239 3202 Deo
1267 3141 1556 3202 contineri
1581 3165 1596 3201 ε
1641 3153 1709 3202 ut
1736 3164 1845 3203 nos
1873 3141 2046 3203 divus
2076 3141 2295 3204 Paulus

549 3248 626 3287 ex
675 3224 913 3286 Davide
959 3224 1154 3296 docet,
1186 3224 1616 3285 beatitudinem
1663 3246 1868 3285 eorum
1915 3222 2294 3307 praedicante,

598 3309 772 3369 uibus
830 3307 1003 3369 Deus
1048 3307 1347 3387 justitiam
1407 3307 1633 3388 absque
1689 3308 1970 3389 operibus
2016 3307 2295 3388 imputat.

634 3391 671 3452 d
703 3403 763 3452 et
789 3389 948 3451 idem
969 3390 1296 3472 Apostolus
1316 3390 1417 3462 ait,
1449 3389 1581 3450 Nos
1605 3391 1811 3472 gratis
1817 3390 1988 3471 justi
2151 3387 2167 3403 ⁶
2182 3408 2298 3480 per
2376 3448 2383 3454 .

554 3474 1022 3555 redemptionem
1027 3471 1282 3556 jactam
1312 3473 1377 3534 in
1412 3473 1656 3535 Christo
1682 3471 1858 3534 Jesu.
1935 3512 1938 3514 —
2012 3491 2087 3531 oc
2117 3468 2298 3550 igitur

554 3577 664 3616 ceu
712 3558 883 3617 firmo
927 3556 1321 3617 fundamento
1364 3556 1707 3625 innitentes,
1749 3572 1991 3615 omnem
2042 3551 2295 3633 gloriam

554 3635 692 3697 Deo
736 3638 1074 3713 tribuimus,
1115 3638 1191 3699 de
1235 3638 1407 3700 nobis
1458 3638 1600 3720 ipsis
1648 3655 1935 3718 perquam
1989 3634 2299 3697 humiliter

584 3395 595 3411 ἱ
