2418 4172
457 322 566 373 354
854 318 1339 373 CONFESSIO
1393 318 1802 374 BELGICA.

467 461 592 541 tiae)
638 471 701 522 et
749 461 966 522 mortui
1001 460 1435 540 judicabuntur
1474 460 1802 522 secundum
1848 484 1919 523 ea
1958 482 2095 542 quae
2138 459 2202 521 in

466 543 584 605 boc
634 542 860 604 mundo
907 543 1158 624 egerint,
1202 543 1326 604 sive
1376 544 1534 604 bona
1581 543 1703 603 sive
1747 544 1923 604 mala.
2008 542 2207 614 Quin-

466 626 648 687 etiam
680 637 825 686 tunc
853 625 1136 686 reddituri
1171 638 1311 686 sunt
1343 626 1616 686 homines
1646 626 1937 686 rationem
1966 624 2043 686 de
2068 645 2205 686 om·

471 708 534 770 ni
564 709 745 769 verbo
773 709 964 770 otioso
996 708 1158 790 quod
1195 708 1379 769 locuti
1419 708 1659 779 fuerint,
1687 708 1797 768 etsi
1841 706 1903 768 id
1945 706 2207 769 muudus

471 813 633 852 nunc
675 812 782 873 pro
826 790 969 852 ludo
1010 804 1072 852 et
1101 790 1246 871 joco
1285 802 1536 873 reputet.
1623 790 1696 851 In
1737 811 1977 851 summa
2011 787 2211 851 omnis

474 884 622 935 tunc
651 873 968 935 hominum
1001 873 1334 956 hypocrisis
1362 885 1424 933 et
1452 875 1721 934 abstrusa
1742 893 1995 954 quaeque
2017 870 2212 933 cordis

476 977 683 1017 eorum
715 956 915 1038 palam
955 978 1152 1017 coram
1190 956 1471 1017 omnibus
1500 955 1874 1037 detegentur,
1905 966 1970 1016 ut
2000 952 2214 1015 merito

476 1038 603 1099 sola
645 1037 858 1117 judicii
906 1038 1075 1098 istius
1121 1038 1412 1099 memoria
1460 1038 1664 1120 impiis
1714 1049 1776 1099 et
1823 1037 2090 1120 reprobis
2136 1035 2217 1097 sit

480 1118 790 1191 horrenda,
818 1131 880 1179 et
908 1118 1336 1189 formidabilis;
1374 1119 1547 1180 bonis
1567 1141 1706 1180 vero
1733 1133 1797 1180 et
1822 1118 2027 1181 electis
2053 1139 2218 1180 sum-

479 1223 578 1263 me
606 1200 945 1283 exoptanda
989 1211 1049 1260 et
1087 1200 1346 1282 ingentis
1374 1201 1834 1262 consolationisz
1876 1213 2025 1263 tunc
2051 1200 2214 1262 enim

478 1282 813 1364 redemptio
841 1283 1107 1365 ipsorum
1147 1282 1323 1365 plane
1363 1282 1723 1363 perficietur,
1749 1293 1813 1344 et
1838 1282 2219 1344 suavissimos

478 1366 752 1427 laborum
793 1377 855 1426 et
880 1364 1154 1426 dolorum
1191 1387 1456 1438 suorum,
1484 1387 1634 1447 quos
1676 1365 1738 1425 in
1784 1365 1899 1426 bac
1923 1364 2047 1426 vita
2085 1384 2222 1447 per-

479 1448 747 1522 tulerint,
787 1447 1016 1509 fructus
1059 1459 1520 1528 consequentur.
1605 1446 1801 1521 Tunc,
1830 1448 2098 1529 inquam,
2129 1445 2222 1507 in-

480 1530 759 1592 nocentia
796 1531 1066 1624 ‘ipsorum
1121 1542 1322 1613 aperte
1372 1531 1449 1591 ab
1498 1530 1779 1591 omnibus
1829 1540 2223 1622 agnoscetur}

482 1613 718 1696 ipsique
754 1613 1017 1674 vicissim
1064 1612 1423 1674 horrendam
1467 1612 1792 1674 vindictam
1845 1622 2224 1695 conspectur!

483 1707 643 1767 sunt,
680 1717 863 1776 quam
906 1695 1212 1756 Dominus
1254 1694 1330 1755 de
1378 1695 1450 1755 iis
1500 1707 1718 1769 sumet,
1759 1696 1862 1776 qui
1909 1716 2013 1756 eos
2051 1693 2224 1756 variis

485 1777 821 1852 tormentis,
848 1788 910 1838 et
939 1777 1226 1838 molestiis
1271 1778 1332 1838 in
1377 1777 1495 1837 hoc
1538 1776 1765 1837 mundo
1793 1776 2102 1860 tyrannice
2138 1774 2227 1838 af-

491 1860 794 1922 flixerunt.
865 1860 1047 1953 Impii
1079 1882 1255 1943 porro
1283 1860 1524 1942 proprio
1553 1859 1931 1921 conscientiae
1958 1881 2080 1920 suae
2108 1869 2230 1919 tes·

488 1942 744 2003 timonio
801 1942 1081 2015 convicti,
1145 1942 1514 2001 immortales
1579 1941 1824 2021 quidem
1887 1939 2229 2014 reddentur,

488 2024 592 2086 sed
629 2046 700 2085 ea
744 2022 1106 2098 conditione,
1142 2036 1210 2084 ut
1255 2023 1319 2083 in
1361 2027 1500 2104 igne
1542 2035 1764 2083 aeterno
1804 2022 1937 2104 (qui
1966 2021 2231 2086 Diabolo

487 2118 731 2190 paratus
786 2108 902 2186 est)
959 2106 1020 2165 in
1069 2105 1501 2188 sempiternum
1556 2105 1918 2167 crucientur.
2002 2104 2233 2167 Contra

489 2211 630 2250 vero
660 2176 866 2249 fideles
902 2198 963 2248 et
995 2187 1171 2250 electi
1208 2210 1427 2249 corona
1454 2187 1659 2270 gloriae
1689 2199 1750 2249 et
1780 2186 2020 2249 honoris
2047 2186 2235 2250 dona-

491 2272 737 2342 buntur,
780 2270 1087 2352 Filiusque
1126 2270 1247 2332 Dei
1297 2292 1503 2332 eorum
1555 2275 1803 2331 nomina
1849 2291 2050 2332 coram
2093 2270 2235 2332 Deo

493 2354 668 2416 Patre
713 2364 775 2414 et
820 2354 1048 2435 angelis
1087 2353 1490 2428 confitebitur,
1526 2364 1588 2414 et
1629 2354 2000 2435 abstergetur
2034 2353 2234 2415 omnis

493 2437 806 2519 lachryma
848 2437 924 2497 ab
959 2436 1148 2497 oculis
1178 2458 1405 2496 eorum.
1491 2435 1690 2496 Causa
1719 2436 1920 2517 itaque
1949 2436 2237 2518 ipsorum,

494 2542 628 2601 quae
672 2540 833 2579 nunc
880 2518 1172 2579 baereseos
1214 2530 1277 2578 et
1320 2517 1645 2601 impietatis
1696 2540 1730 2579 a
1773 2517 2238 2599 magistratibus,

486 2600 1299 2682 judicibusqueflamnatur,
1348 2622 1527 2662 causa
1565 2599 1704 2660 Filii
1749 2600 1870 2662 Dei
1920 2622 2049 2662 esse
2091 2611 2239 2662 tunc

498 2694 870 2766 agnoscetur.
956 2682 1039 2743 Et
1086 2682 1390 2744 Dominus
1445 2703 1548 2743 eos
1597 2681 1779 2765 gratis
1836 2692 2003 2744 tanta
2050 2680 2242 2765 gloria

497 2764 991 2839 remunerabitur,
1045 2777 1336 2847 quantam
1405 2765 1604 2826 nullus
1662 2765 1980 2827 bominum
2037 2765 2242 2827 animo

498 2849 813 2932 concipere
842 2869 1106 2929 unquam
1138 2848 1344 2931 possit.
1416 2848 1714 2930 Magnum
1747 2870 1889 2931 ergo
1910 2847 2081 2910 illum
2113 2846 2245 2909 Do-

503 2932 651 2995 mini
695 2929 856 2991 diem
902 2952 1144 2992 summo
1192 2929 1484 2991 desiderio
1532 2942 1941 3024 expectamus,
1981 2951 2106 3024 quo
2154 2952 2246 2993 re-

504 3016 615 3075 bus
650 3013 932 3075 omnibus
971 3013 1143 3074 nobis
1181 3035 1215 3073 a
1251 3012 1389 3075 Deo
1433 3013 1758 3095 promissis,
1793 3012 2139 3096 plenissime
2180 3012 2242 3074 in

503 3097 749 3158 Christo
782 3096 932 3158 Jesu
973 3095 1245 3157 Domino
1288 3107 1510 3169 nostro,
1551 3096 1674 3158 laeti
1717 3096 2038 3179 potiemur,
2077 3107 2141 3158 et
2182 3094 2244 3157 in

508 3193 800 3242 aeternum
834 3177 1221 3262 perfruemur.
