2418 4172
837 372 1309 426 SAXONICA.
1830 371 1936 426 258

191 518 366 583 Huic
413 538 615 578 omnes
654 515 961 599 prophetet
1010 514 1414 577 testimonium
1455 511 1794 592 perhibent,
1844 535 1941 573 re-

189 601 531 664 missionem
567 607 958 682 peccatorum
1001 599 1276 679 accipere
1313 615 1515 657 omnes
1546 594 1654 678 qui
1693 595 1941 655 credunt

190 705 258 745 m
286 706 439 745 eum.

207 783 219 812 ‘-
278 766 435 828 Sunt
463 779 662 828 autem
697 776 837 824 nota
867 762 1176 822 vocabula.
1263 759 1441 820 Fides
1481 759 1780 840 significat
1819 780 1940 818 non

194 859 430 911 tantum
478 848 738 910 historiae
782 845 1079 917 notitiam,
1109 843 1304 923 qualis
1343 854 1403 901 et
1445 841 1503 901 in
1543 841 1798 902 diabolis
1833 852 1943 913 est,

193 931 270 993 de
310 931 529 1012 quibus
572 930 807 1002 dicitur,
837 927 1155 988 Daemones
1197 924 1453 986 credunt
1497 932 1555 984 et
1596 925 1947 985 contremis-

197 1022 342 1076 cunt
365 1037 386 1075 .·
432 1012 532 1073 sed
565 1012 865 1094 significat
894 1009 1177 1091 amplecti
1214 1030 1425 1067 omnes
1466 1007 1747 1068 articulos
1787 1007 1947 1080 fidei,

196 1108 258 1158 et
284 1096 347 1158 in
381 1096 474 1156 his
505 1096 667 1156 bunc
698 1094 1039 1166 articulum,
1077 1092 1270 1152 Credo
1299 1091 1704 1150 remissionem
1782 1111 1952 1150 ecca-

198 1188 439 1242 torum.-
483 1179 618 1239 Nec
647 1190 884 1239 tantum
917 1174 1049 1236 aliis
1079 1197 1210 1235 eam
1255 1174 1380 1235 dari
1424 1173 1621 1245 cred0,
1651 1195 1712 1233 sc
1797 1174 1946 1233 mibi

198 1283 459 1345 quoque.

202 1366 217 1382 ‘
286 1345 441 1407 Hoec
484 1345 633 1405 fides
678 1345 856 1404 simul
901 1355 994 1403 est
1036 1340 1256 1401 fiducia
1301 1340 1683 1420 acquiescens
1720 1342 1777 1401 in
1812 1341 1951 1400 Mc-

201 1426 448 1502 diatore,
480 1428 659 1508 juxta
705 1426 888 1489 illud:
945 1421 1477 1505 Justg'ficatiflde,
1514 1445 1726 1504 pacem
1775 1423 1955 1483 habe-

202 1530 353 1572 mus.
440 1511 536 1572 lta
580 1509 845 1590 loquitur
884 1508 1102 1568 Paulus
1145 1506 1220 1566 de
1265 1506 1402 1579 fide,
1431 1528 1568 1587 quae
1613 1506 1954 1567 adsentiens

204 1593 487 1654 omnibus
537 1592 798 1652 articulis
850 1590 1009 1662 fidei,
1053 1589 1509 1671 promissionem
1570 1589 1836 1648 intuetur
1890 1600 1954 1647 et

204 1674 607 1757 amplectitur,
648 1674 892 1755 copulat
933 1671 1097 1731 enim
1144 1670 1325 1730 fldem
1371 1681 1432 1729 et
1472 1670 1953 1750 promissionem.

203 1755 386 1818 Rom.
417 1756 493 1822 iv.
524 1755 670 1816 Ideo
699 1752 937 1836 exfide,
965 1761 1036 1813 ut
1063 1749 1354 1833 sitfirma
1425 1753 1717 1812 romi-ssia.

288 1838 361 1918 In
388 1837 819 1918 declaratione
868 1833 1143 1895 vocabuli
1182 1773 1547 1918 justffiliari,
1591 1834 1809 1894 usitate
1866 1834 1957 1893 di-

204 1921 398 1983 citur:
421 1914 769 2005 justificari
806 1918 1125 2000 significat,
1156 1940 1229 1977 ex
1273 1917 1495 1995 injusto
1523 1916 1760 1996 justum
1808 1918 1954 1990 fieri,

206 2003 368 2086 quod
417 2015 578 2064 recte
622 1999 1015 2074 intellectum,
1044 2000 1160 2079 ‚hic
1210 2022 1451 2080 quoque
1501 1999 1772 2081 quadrat.
1858 1999 1955 2059 Ex

208 2086 451 2167 injusto,
489 2085 544 2145 id
592 2096 701 2157 est,
737 2106 837 2144 reo
881 2094 943 2144 et
984 2082 1384 2155 inobediente,
1423 2094 1484 2142 et
1527 2106 1647 2142 non
1696 2084 1958 2143 habente

210 2169 544 2240 Christum,
583 2168 709 2228 fieri
744 2167 1004 2246 justum,
1044 2165 1106 2226 id
1150 2177 1259 2239 est,
1299 2166 1640 2226 absolutum
1696 2189 1730 2225 a
1772 2177 1958 2238 reatu,

211 2263 453 2336 propter
480 2251 705 2311 Filium
737 2250 877 2322 Dei,
905 2260 965 2309 et
1004 2247 1555 2331 apprehendentem
1597 2248 1716 2308 fide
1757 2249 1955 2330 ipsum

211 2333 542 2406 Christum,
584 2334 692 2417 qui
741 2341 828 2394 est
853 2331 1112 2415 justitia
1151 2339 1381 2405 nostra,
1424 2342 1494 2390 ut
1535 2330 1747 2391 dicunt
1786 2331 1959 2391 Jere·

211 2417 363 2478 mias
407 2428 469 2478 et
512 2417 753 2490 PauluS,
796 2416 938 2496 quia
980 2414 1109 2494 ejus
1152 2413 1367 2474 merito
1414 2413 1706 2473 habemus
1749 2414 1961 2474 remis-
2015 2479 2020 2481 ‚

210 2501 464 2572 sionem,
493 2511 555 2560 et
581 2499 752 2560 Deus
771 2497 1074 2578 justitiam
1107 2496 1281 2556 nobis
1311 2496 1593 2578 imputat,
1622 2507 1683 2556 et
1718 2508 1962 2578 propter

211 2605 350 2644 eum
392 2605 502 2644 nos
533 2582 731 2663 justos
770 2591 1028 2664 reputat,
1057 2590 1119 2639 et
1155 2578 1297 2639 dato
1331 2579 1560 2660 Spiritu
1600 2601 1708 2639 suo
1738 2579 1963 2640 Sancto

212 2687 323 2727 nos
360 2666 640 2739 vivificat,
668 2676 730 2726 et
767 2674 1094 2745 regenerat,
1124 2663 1280 2722 sicut
1317 2674 1378 2723 et
1409 2662 1589 2723 Joan.
1613 2685 1668 2722 v.
1706 2662 1960 2723 dicitur:

216 2747 368 2809 Haec
406 2756 496 2809 est
525 2748 654 2809 vita
684 2749 747 2808 in
777 2742 940 2808 Filio
971 2745 1119 2828 ejus,
1211 2746 1343 2810 Qui
1369 2745 1548 2805 habet
1576 2745 1822 2818 Filium,
1852 2747 1963 2806 lm-

218 2828 318 2890 bet
344 2830 532 2891 vitam
567 2839 853 2891 aetemam
875 2854 896 2889 .-
980 2831 1048 2890 αἱ
1085 2851 1203 2889 non
1233 2828 1412 2888 habet
1439 2828 1666 2887 Filium
1699 2828 1847 2897 Dei,
1876 2829 1964 2888 υἰ-

218 2920 345 2973 tam
380 2933 500 2973 mm
538 2912 732 2974 habet.
818 2911 902 2972 Et
940 2853 1121 2973 stom.
1153 2911 1236 2971 iii.
1276 2910 1360 2971 Ut
1391 2912 1473 2970 sit
1514 2912 1643 2990 ipse
1652 2909 1871 2991 justus
1905 2919 1964 2971 et

199 2991 577 3088 justificans.
663 2996 1027 3075 Quanquam
1058 3006 1258 3054 autem
1290 2994 1467 3053 simul
1505 2992 1821 3053 inchoatur
1857 3016 1965 3053 no·

219 3087 390 3151 vrtas,
418 3098 553 3159 quoe
584 3078 642 3137 in
674 3078 1043 3138 vitaweterna
1072 3077 1184 3137 erit
1213 3076 1496 3158 perfecta,
1530 3074 1602 3135 ad
1648 3097 1833 3155 quam
1875 3098 1963 3135 re·
2022 3085 2029 3091 '

217 3158 408 3220 demti
440 3182 684 3220 sumus:
726 3171 928 3220 tamen
962 3181 1216 3243 persona
1246 3160 1304 3218 in
1341 3159 1452 3218 hac
1482 3158 1603 3217 vita
1632 3179 1753 3216 non
1786 3179 1966 3240 prop-

220 3253 311 3302 ter
348 3263 532 3302 novas
572 3242 888 3323 qualitates
928 3254 1031 3302 aut
1067 3263 1247 3323 opera
1277 3253 1366 3300 est
1385 3241 1571 3319 justa,
1601 3239 1660 3298 id
1691 3251 1800 3313 est,
1827 3241 1965 3301 Deo

221 3347 360 3385 acce
407 3336 485 3397 ta,
515 3337 576 3384 et
617 3324 802 3385 haeres
841 3324 982 3384 vitae
1025 3336 1297 3391 aeternae;
1342 3322 1446 3382 sed
1485 3334 1728 3403 propter
1764 3322 1964 3405 ipsum

214 3407 297 3468 ,Μ
380 3407 622 3467 iatorem
671 3428 935 3488 passum,
977 3406 1415 3477 resuscitatum,
1455 3414 1827 3484 regnantem,
1864 3404 1967 3466 de-

214 3501 566 3573 precantem
613 3511 722 3571 pro
765 3488 957 3562 nobis,
1001 3509 1109 3547 nos
1157 3487 1618 3547 obumbrantem
1670 3498 1732 3547 et
1776 3489 1968 3549 vivifi·

214 3584 480 3652 cantem.
569 3573 934 3651 Quanquam
978 3569 1139 3630 enim
1186 3580 1327 3630 sunt
1370 3569 1664 3630 inchoatae
1699 3571 1968 3647 virtutes,

220 3665 424 3717 tamen
457 3654 655 3716 adhuc
684 3667 824 3715 sunt
855 3653 1237 3736 imperfectoe,
1257 3663 1319 3712 et
1350 3651 1580 3731 haegrent
1599 3651 1659 3714 in
1684 3654 1857 3716 nobis
1871 3655 1969 3714 re-
2011 3687 2019 3691 ·

1646 3771 1681 3785 l
