2418 4172
423 355 531 410 114
1056 357 1542 412 CONFESSIO

511 498 604 564 Et
629 499 694 561 in
720 499 1019 583 margine.
1099 499 1435 563 Gratitudo
1477 499 1752 561 consistit
1793 499 1858 561 in
1899 517 2181 560 remune-

427 583 672 645 ratione
696 590 1073 665 receptorum
1101 581 1543 667 beneficiorum.
1615 582 1755 643 Deo
1782 590 1990 644 autem
2020 580 2190 643 nihil

426 664 681 748 rependi
722 674 940 748 potest,
982 666 1129 750 quia
1176 666 1406 728 nullius
1454 667 1702 748 indiget.
1793 665 2181 745 Respicinms

432 771 504 812 er
545 750 673 810 oin
702 770 776 810 ea
802 771 932 833 quae
965 769 1004 810 a
1035 748 1203 810 nobis
1241 749 1521 832 requirit.
1598 747 1754 809 Hoec
1793 755 1996 808 autem
2034 753 2181 808 suut

403 771 597 916 βίω,
621 839 681 893 et
707 853 895 914 opera
923 831 1263 893 charitatis.
1336 831 1553 892 Fidem
1580 829 1854 912 postulat
1887 829 2008 891 sibi
2043 829 2183 911 ipsi,

434 913 798 979 charitatem
818 915 1113 996 proximu.
1143 915 1326 977 Matt.
1356 915 1517 975 xxiv.
1548 935 1687 975 xxv.
1727 926 1749 973 l
1781 914 1941 974 Tim.
1972 912 2050 973 iv.

517 997 635 1060 IX.
665 997 984 1059 Credimus
1015 996 1298 1058 ultimum
1318 996 1618 1077 judicium
1650 996 1794 1071 fore,
1818 996 1877 1056 in
1900 1014 2184 1078 quocaro

432 1091 635 1142 nostra
663 1091 951 1162 resurget,
979 1090 1040 1140 et
1067 1079 1324 1173 quilibet
1322 1090 1532 1221 (from
1571 1080 1631 1139 in
1675 1079 1790 1140 bac
1817 1079 1941 1139 vita
1972 1077 2118 1160 egit,
2146 1097 2185 1137 a

433 1163 679 1224 Christo
698 1161 908 1242 judice
935 1161 1217 1244 recipiet:
1261 1161 1319 1221 vi
1365 1161 1540 1223 elicet
1566 1162 1753 1222 vitam
1796 1173 2103 1234 oeternam,
2130 1158 2181 1220 si

432 1267 509 1308 ex
536 1266 676 1306 vera
706 1243 843 1318 fide,
865 1244 1095 1304 sincera
1120 1243 1443 1304 dilectione
1470 1243 1699 1304 fructus
1728 1242 1892 1317 fidei,
1913 1243 2019 1325 qni
2041 1252 2186 1305 sunt

430 1325 1068 1483 252‘2953‘223353?
1075 1323 2185 1470 iignssssnaeffffiffiffeffi'rssib'm

514 1491 599 1553 Χ.
629 1491 1012 1553 confitemur
1039 1491 1202 1573 quod
1233 1430 1767 1572 quemadmoduui³
1790 1510 1974 1552 nemo
2013 1487 2188 1552 mau-

430 1575 571 1639 dare
600 1586 798 1657 potest
825 1597 897 1636 ea
924 1597 1059 1657 quae
1077 1574 1355 1636 Christus
1385 1595 1506 1634 non
1531 1572 1863 1635 mandavitt
1893 1573 1978 1635 ita
1997 1572 2183 1634 etiam

430 1679 611 1719 nemo
668 1657 986 1740 prohibere
1042 1658 1249 1741 possit,
1304 1679 1439 1738 quoe
1490 1657 1507 1716 i
1556 1679 1619 1717 se
1674 1678 1795 1717 non
1852 1655 2189 1739 prohibuit.

429 1740 735 1885 Scrisstum
782 1751 873 1801 est
917 1740 1101 1814 enim,
1137 1741 1348 1835 Ipsum
1390 1679 1615 1800 ausste.
1647 1739 1830 1800 Matt.
1855 1738 2003 1800 xvii.
2031 1737 2185 1799 Luc.

432 1824 514 1884 ix.
608 1835 731 1885 eut.
760 1823 924 1885 xviii.
956 1823 1094 1885 Act.
1124 1825 1223 1884 vii.

516 1906 733 1988 Itaque
797 1907 1029 1968 cultum
1095 1911 1174 1967 et'
1211 1907 1653 1968 invocationem
1710 1905 2185 1979 demortuorum,

433 1999 775 2051 sanctorum
809 1989 1276 2064 venerationem,
1304 2000 1366 2051 et
1393 1989 1833 2051 extructionem
1865 1986 2186 2061 idolorum,

431 2083 495 2134 et
522 2071 582 2133 id
613 2094 820 2154 genua,
847 2072 1281 2154 improbamus.
1352 2073 1454 2133 Ob
1485 2073 1641 2133 hanc
1669 2091 1911 2131 causam
1938 2079 2005 2131 et
2031 2068 2191 2131 euri-

432 2154 694 2219 cularem
724 2154 1187 2230 confessionem,
1213 2166 1555 2216 sanctorum
1585 2154 1780 2228 ferias,
1802 2164 1865 2214 et
1891 2174 2027 2235 quoe
2054 2155 2187 2234 ejus

433 2238 667 2321 generis
698 2238 773 2298 ab
804 2237 1153 2298 hominibus
1181 2249 1391 2299 exorta
1416 2249 1590 2299 sunt:
1649 2237 1806 2299 sicut
1825 2246 2053 2311 contra,
2074 2234 2190 2297 mi-

431 2321 755 2383 nistrorum
785 2320 1242 2383 matrimonium
1273 2342 1394 2381 non
1425 2321 1803 2403 prohibitum
1833 2319 2078 2380 scimus.

516 2402 601 2464 Et
630 2426 829 2464 rursus
857 2403 1209 2464 interdicere
1239 2425 1419 2463 nemo
1448 2414 1650 2487 potest
1678 2424 1813 2483 quae
1844 2401 2017 2462 Deus
2044 2422 2191 2462 cou-

433 2485 627 2546 cessit.
688 2486 858 2547 Cibis
887 2485 1091 2567 itaque
1119 2508 1262 2547 cum
1293 2484 1619 2579 gratiarum
1651 2485 1888 2546 actione
1917 2483 2024 2556 uti,
2053 2483 2189 2545 nul-

434 2568 497 2630 lo
528 2567 708 2628 modo
738 2567 1125 2629 interdictum
1154 2568 1593 2629 existimamus.

521 2650 598 2713 In
624 2650 920 2734 margine.
1011 2651 1192 2712 Deus
1220 2651 1394 2726 dixit,
1423 2650 1488 2711 E
1529 2673 1564 2710 o
1589 2649 1828 2711 Jehova
1858 2649 2034 2711 Deus
2058 2671 2189 2711 ves-

437 2741 555 2806 ter,
585 2732 779 2795 Levit.
808 2733 978 2794 xxiii.
1010 2742 1070 2795 et
1092 2755 1206 2816 per
1227 2732 1444 2795 Mosen
1532 2746 1653 2794 eut.
1676 2754 1733 2793 x.
1755 2731 2001 2794 Jekova
2030 2732 2191 2793 enim

437 2814 615 2878 Deus
640 2824 840 2879 vester
868 2823 959 2878 est
985 2817 1166 2879 Deus
1194 2817 1459 2891 deorum,
1488 2817 1668 2877 Deus
1694 2836 1957 2900 vnagnus
1982 2822 2044 2876 et
2064 2822 2191 2877 ter-

436 2897 653 2961 ribilis.
730 2899 893 2966 Quis
921 2919 1068 2984 ergo
1094 2901 1255 2962 inter
1285 2901 1473 2982 ipsius
1507 2908 1826 2961 creaturas
1865 2897 2191 2961 concedere

428 2990 638 3064 posset
677 3004 809 3066 quae
848 2983 979 3065 ipse
1009 2982 1378 3066 prohibuit?
1432 2982 1521 3044 Ee
1562 3004 1782 3045 rursus
1820 2980 2191 3044 interdicere

438 3086 609 3127 nemo
628 3073 832 3147 potest
1014 3065 1195 3129 Deus
1215 3066 1521 3128 concessit.

523 3147 781 3211 Sanctos
821 3169 860 3211 a
888 3149 1055 3234 ioqui
1075 3147 1372 3236 fatemur
1417 3171 1622 3211 coram
1670 3148 1809 3210 Deo
1858 3168 2008 3222 esse,
2053 3166 2190 3209 cum

447 3230 692 3293 Christo
716 3252 988 3316 regnare
1012 3233 1078 3294 in
1103 3241 1411 3306 aetemum,
1433 3241 1761 3315 propterea
1789 3230 1954 3315 quod
1981 3228 2190 3293 Clu-is-

440 3321 568 3374 tum
610 3323 1011 3398 agnoverunt,
1048 3324 1109 3377 et
1149 3325 1279 3378 tum
1320 3316 1600 3398 operibus
1640 3323 1770 3376 tum
1811 3312 2011 3377 verbis
2048 3330 2187 3373 con-

416 3393 590 3478 fessi
617 3407 761 3460 sunt
800 3419 928 3461 csse
964 3420 1142 3461 suum
1182 3398 1583 3473 Salvator-em,
1611 3398 1727 3459 red
1894 3395 1911 3411 ’
1936 3404 2098 3467 'nem
2128 3403 2188 3455 el

419 3476 738 3558 justitiam
792 3483 924 3543 sine
978 3481 1107 3544 ullo
1175 3483 1424 3544 humani
1484 3481 1688 3543 meriti
1752 3500 1792 3539 a
1833 3476 2184 3539 ditamento.

445 3559 617 3622 Hinc
666 3561 988 3626 laudamus
1039 3573 1098 3626 et
1149 3564 1629 3627 commendamus
1676 3562 1852 3643 ipsos,
1892 3566 2187 3643 tunquam
