2418 4172
807 345 1355 399 HELVETICA.
1877 351 1949 406 78

0 390 8 435 Ι

0 439 11 587 l
206 489 495 554 consolari
540 489 687 550 item
730 499 792 549 et
829 489 1185 549 confirmare
1225 485 1657 568 pusillanimes,
1686 490 1950 550 munire-

0 590 9 647 ι
206 594 327 655 que
353 583 560 634 contra
589 572 824 632 Satanae
853 569 1215 631 tentationes
1244 568 1455 642 varias,
1483 569 1777 650 corripere
1812 592 1952 652 pec-

0 682 15 747 }
205 666 429 729 cantes,
477 675 750 716 revocare
805 653 870 714 in
915 653 1075 713 viam
1128 661 1409 725 errantes,
1459 651 1658 733 lapsos
1707 651 1954 744 erigere,

0 762 5 804 ι
205 737 679 801 contradicentes
719 735 1038 808 revincere,
1068 734 1242 816 lupos
1271 731 1532 814 denique
1567 734 1644 794 ab
1673 733 1815 793 ovili
1846 734 1955 795 do-

0 802 20 941 }
206 819 433 882 minino
461 819 721 912 abigere,
750 819 970 879 scelera
1000 817 1146 878 item
1186 827 1248 878 et
1285 817 1601 877 sceleratos
1631 815 1956 898 prudenter

0 933 27 1003 ἵ·
205 912 270 964 et
293 902 551 984 graviter
579 923 905 984 lncrepare,
934 921 1131 981 neque
1158 898 1479 960 connivere
1513 909 1617 959 aut
1644 911 1840 959 tacere
1880 899 1954 959 ad

0 1003 11 1065 ᾗ
205 984 809 1051 conscelerationem:
853 983 955 1043 sed
999 996 1062 1043 et
1104 994 1476 1043 sacramenta
1522 980 1956 1052 administrare,

199 1088 508 1149 usumque
536 1088 743 1128 eorum
770 1066 1007 1146 justum
1049 1063 1493 1140 commendare,
1522 1077 1584 1125 et
1622 1086 1833 1125 omnes
1880 1064 1954 1125 ad

204 1149 310 1213 illa
335 1149 723 1235 percipienda
751 1171 859 1232 per
897 1170 1103 1210 sanam
1134 1147 1469 1208 doctrinam
1514 1169 1862 1231 praeparare,
1891 1147 1955 1207 in

207 1232 438 1296 unitate
479 1254 722 1314 quoque
765 1244 971 1293 sancta
1014 1230 1219 1291 fideles
1262 1251 1629 1304 conservare,
1657 1241 1719 1291 et
1762 1229 1951 1291 schis-

209 1325 372 1378 mata
414 1315 751 1399 probibere,
787 1314 1050 1395 denique
1091 1313 1456 1374 catechisare
1498 1313 1695 1386 rudes,
1730 1335 1958 1396 paupe-

208 1419 342 1461 rum
385 1398 802 1460 necessitatem
835 1395 1260 1458 commendare
1287 1396 1573 1469 ecclesiae,
1599 1407 1957 1477 aegrotantes

207 1491 272 1542 et
308 1481 486 1543 variis
528 1480 828 1562 implexos
871 1479 1306 1540 tentationibus
1344 1478 1603 1548 visitare,
1645 1479 1957 1549 instruere,

207 1574 272 1624 et
298 1562 362 1624 in
393 1562 487 1623 via
516 1562 654 1623 vitae
685 1562 972 1622 retinere:
1016 1573 1299 1642 praeterea
1325 1562 1624 1621 orationes
1661 1561 1958 1643 publicas,

206 1645 302 1707 vel
358 1643 829 1737 supplicationes
886 1642 1259 1703 necessitatis
1307 1655 1599 1723 tempore,
1648 1663 1768 1702 una
1815 1646 1956 1702 cum

194 1726 452 1807 jejunio,
481 1725 544 1786 nd
572 1737 682 1798 est,
713 1725 1077 1786 abstinentia
1115 1736 1340 1795 sancta,
1370 1745 1706 1805 procurare,
1737 1734 1799 1783 et
1829 1746 1960 1784 om·
2001 1753 2008 1759 ·

207 1809 308 1872 nia
352 1830 489 1891 quae
532 1808 837 1892 pertinent
881 1807 955 1867 ad
1006 1806 1390 1867 ecclesiarum
1442 1806 1960 1886 tranquillitatem,

208 1913 442 1975 paoem,
468 1903 531 1952 et
559 1891 835 1961 salutem,
864 1912 1049 1971 quam
1079 1889 1542 1968 diligentissime
1572 1911 1796 1949 curare.
1870 1889 1961 1949 Ut

207 1986 411 2037 autem
445 1974 573 2035 baec
601 1974 806 2035 omnia
835 1973 1055 2034 rectius
1078 1972 1435 2052 faciliusque
1465 1972 1658 2054 possit
1686 1972 1961 2032 minister

208 2068 506 2140 praestare,
536 2057 856 2137 requiritur
898 2057 974 2116 ab
1016 2078 1089 2115 eo
1132 2054 1452 2137 imprimiS,
1487 2066 1557 2115 ut
1600 2055 1678 2115 sit
1719 2055 1840 2116 Dei
1885 2054 1963 2114 ti-

211 2162 405 2214 mens,
431 2155 560 2200 oret
589 2139 816 2210 sedulo,
841 2138 1083 2199 lectioni
1115 2159 1294 2198 sacrae
1325 2137 1616 2211 intendat,
1643 2149 1706 2197 et
1733 2138 1796 2198 in
1827 2160 1958 2198 om-

210 2222 391 2284 nibus
431 2233 495 2283 et
539 2244 779 2304 semper
819 2221 1045 2303 vigilet,
1086 2232 1149 2280 et
1192 2215 1453 2302 puritate
1495 2220 1632 2280 vitae
1678 2221 1961 2281 omnibus

208 2305 550 2389 preluceat.
633 2304 918 2385 Cumque
966 2303 1218 2364 omnino
1266 2314 1540 2384 oporteat
1581 2325 1712 2363 esse
1757 2304 1822 2363 in
1865 2325 1964 2363 ec-

207 2386 390 2471 clesia
415 2385 822 2469 disciplinam,
851 2396 914 2446 et
942 2385 1102 2468 apud
1131 2395 1359 2445 veteres
1398 2385 1703 2466 quondam
1742 2386 1963 2446 usitata

167 2469 390 2553 ‚fuerit
436 2469 1008 2541 excommunicatio,
1055 2468 1400 2548 fuerintque
1439 2467 1672 2547 judicia
1718 2468 1963 2529 ecclesi-

140 2563 187 2605 ⁴-
207 2553 397 2616 utica
429 2553 496 2614 in
535 2552 763 2636 populo
789 2552 933 2626 Dei,
960 2552 1025 2612 in
1054 2551 1277 2632 quibus
1316 2573 1424 2633 per
1451 2551 1608 2611 viros
1639 2550 1963 2633 prudentes

119 2672 123 2680 ·
167 2648 273 2718 get
325 2635 460 2720 pios
516 2637 906 2697 exercebatur
963 2636 1094 2695 haec
1155 2633 1493 2716 disciplina,
1550 2633 1961 2694 ministrorum

164 2712 178 2723 '⁸
210 2714 454 2862 quoque
490 2718 672 2779 fuerit
714 2718 788 2778 ad
831 2717 1293 2778 aedificationem
1332 2716 1715 2799 disciplinam
1758 2715 1964 2776 mode·

211 2802 324 2863 rari
411 2823 540 2875 anc,
567 2824 677 2884 pro
716 2800 1063 2862 conditione
1092 2812 1459 2883 temporum,
1489 2811 1678 2859 status
1714 2798 1964 2880 publici,

212 2906 282 2946 ac
338 2885 708 2945 necessitate.
796 2883 922 2945 Ubi
982 2904 1220 2965 semper
1275 2882 1533 2942 tenenda
1590 2894 1681 2941 est
1739 2881 1963 2961 regula,

212 2967 419 3029 omnia
461 2967 588 3027 fieri
633 2966 850 3027 debere
894 2966 966 3027 ad
1011 2966 1496 3037 aediflcationcm,
1525 2963 1825 3036 decenter,
1858 2962 1965 3022 bo-

212 3062 400 3121 neste,
429 3050 559 3111 sine
588 3049 907 3132 tyrannide
936 3060 996 3109 et
1036 3047 1344 3109 seditione.
1431 3047 1760 3129 Apostolus
1799 3045 1962 3105 enim

213 3142 483 3205 testatur,
513 3134 547 3192 2
571 3132 709 3193 Cor.
741 3154 800 3193 x.
826 3132 945 3193 sibi
972 3152 1012 3191 a
1039 3130 1179 3192 Deo
1208 3130 1503 3191 tradita'm
1534 3150 1660 3190 esse
1690 3129 1751 3188 in
1782 3125 1967 3187 eccle-

212 3214 308 3275 sia
336 3221 700 3295 potestatem
738 3214 822 3274 ad
852 3215 972 3275 oedz‘
1055 3214 1315 3274 ationem
1355 3221 1414 3272 et
1452 3234 1567 3272 non
1608 3210 1965 3271 destructio-

215 3317 368 3358 nem.
450 3295 613 3356 Nam
644 3295 662 3354 i
711 3310 903 3356 semet
994 3297 1237 3356 ominus
1266 3295 1457 3354 vetuit
1487 3293 1698 3352 lolium
1732 3293 1790 3352 in
1822 3313 1964 3375 agro

214 3378 523 3440 dominico
552 3318 857 3449 eradicari,
884 3377 1129 3458 quando
1156 3376 1493 3459 periculum
1526 3375 1621 3449 sit,
1649 3396 1727 3435 ne
1763 3387 1825 3435 et
1862 3376 1966 3437 tri-

215 3462 407 3523 ticum
438 3461 744 3532 evellatur,
774 3460 956 3521 Matt.
986 3459 1111 3526 xiii.

297 3544 601 3606 Caeterum
659 3564 1010 3604 execramur
1058 3542 1121 3602 in
1173 3540 1450 3624 praesenti
1503 3539 1961 3601 Donatistarum

216 3649 495 3702 errorem,
528 3627 632 3707 qui
677 3625 1010 3687 doctrinam
1051 3637 1111 3685 et
1148 3623 1729 3686 administrationem
1769 3645 1962 3684 sacra·
2012 3686 2020 3690 ,

1680 3775 1715 3787 l
