2418 4172
738 348 1299 403 HELVETICA.
1823 353 1890 406 ³1

243 547 352 612 De
376 547 566 610 libero
594 546 891 622 Arbitrio,
917 546 1186 628 adeoque
1217 544 1469 607 Viribus
1495 543 1801 608 Hominis.
1901 539 1908 542 ¹

980 694 1098 757 lx.

151 806 610 887 DOCEMUS
638 821 699 882 in
731 821 847 883 bac
876 843 1073 895 causa,
1101 841 1240 902 quae
1270 841 1508 903 semper
1537 819 1599 880 in
1629 820 1901 881 Ecclesia

150 909 374 973 multas
414 905 650 991 peperit
690 905 1180 977 conflictationes,
1210 902 1618 963 conditionem
1654 903 1743 963 vel
1784 916 1902 964 sta-

149 1004 282 1056 tum
312 989 577 1053 hominis
603 987 902 1070 triplicem
936 1009 1064 1048 esse
1093 984 1615 1047 considerandum.
1676 985 1903 1046 Princi-

150 1075 258 1162 pio
285 1073 480 1156 qualis
508 1070 687 1133 fuerit
718 1071 902 1132 homo
932 1081 1071 1131 ante
1100 1070 1358 1152 lapsum,
1387 1080 1583 1130 rectus
1615 1068 1901 1129 nimirum

153 1168 217 1222 et
242 1157 412 1231 liber,
441 1155 544 1238 qui
573 1165 636 1215 et
664 1154 727 1214 in
767 1155 929 1214 bono
963 1175 1205 1216 manere
1243 1164 1305 1212 et
1334 1151 1405 1212 ad
1440 1151 1667 1212 malum
1706 1152 1904 1233 potuit

154 1240 486 1304 declinare:
527 1236 914 1298 declinaverit
944 1248 1143 1297 autem
1177 1235 1249 1295 ad
1283 1235 1531 1308 malum,
1560 1234 1905 1318 implicave-

155 1324 356 1406 ritque
382 1332 632 1417 peccato
660 1331 723 1380 et
752 1318 948 1392 morti,
976 1331 1038 1379 et
1066 1341 1130 1379 se
1157 1329 1220 1378 et
1248 1340 1428 1378 omne
1457 1339 1645 1401 genus
1687 1329 1906 1378 morta-

158 1408 332 1477 lium,
360 1403 536 1465 sicuti
566 1402 796 1463 dictum
827 1414 919 1462 est
948 1413 1139 1463 antea.

239 1486 482 1551 Deinde
502 1483 1004 1547 considerandum
1030 1496 1120 1544 est
1141 1484 1336 1564 qualis
1358 1482 1540 1543 fuerit
1563 1483 1747 1542 homo
1851 1493 1907 1543 st

157 1572 416 1655 laptum.
444 1579 456 1589 '
499 1566 647 1628 Non
677 1567 946 1628 sublatus
975 1578 1067 1626 est
1095 1565 1338 1646 quidem
1373 1566 1606 1625 homini
1636 1504 1849 1624 intelil’o
1879 1603 1908 1614 -

157 1665 276 1727 tus,
309 1673 431 1712 non
475 1659 681 1732 erepta
722 1649 776 1708 ei
821 1648 1116 1720 voluntas,
1149 1659 1210 1708 et
1252 1668 1493 1729 prorsus
1537 1647 1598 1706 in
1644 1645 1905 1727 lapidem

157 1734 252 1799 vel
281 1744 565 1795 truncum
594 1744 686 1792 est
714 1741 1158 1791 commutatus:
1202 1740 1486 1790 caeterum
1519 1729 1621 1788 illa
1650 1729 1734 1788 ita
1768 1740 1910 1789 sunt

159 1818 482 1880 immutata
523 1826 587 1875 et
628 1813 952 1874 imminuta
995 1813 1056 1873 in
1103 1812 1370 1887 homine,
1400 1823 1467 1872 ut
1510 1834 1631 1871 non
1675 1810 1911 1894 possint

160 1895 423 1985 amplius
465 1896 627 1979 quod
663 1907 992 1980 potuerunt
1026 1907 1166 1957 ante
1209 1897 1467 1978 lapsum.
1554 1894 1908 1955 Intellectus

161 1983 324 2046 enim
359 1982 712 2043 obscuratus
750 1991 874 2040 est:
918 1979 1195 2040 voluntas
1222 2000 1366 2039 vero
1403 1999 1478 2038 ex
1516 1977 1725 2052 libera,
1751 1977 1911 2038 facta

162 2077 256 2128 est
294 2065 570 2127 voluntas
613 2082 796 2123 serva.
881 2062 1049 2123 Nam
1094 2062 1275 2122 servit
1318 2072 1587 2143 peccato,
1629 2082 1754 2120 non
1805 2082 1911 2120 no-

163 2150 314 2223 lens,
356 2146 457 2209 sed
509 2145 733 2206 volens.
818 2144 1066 2205 Etenim
1116 2145 1412 2218 voluntas,
1454 2166 1576 2204 non
1626 2143 1911 2203 noluntas

164 2231 400 2294 dicitur.
485 2228 650 2311 Ergo
693 2228 891 2309 quoad
935 2228 1163 2288 malum
1205 2227 1328 2287 sive
1360 2237 1697 2309 peccatum,
1726 2227 1913 2286 homo

164 2335 287 2376 non
305 2323 547 2375 coactus
566 2311 661 2372 vel
691 2333 726 2371 a
753 2311 892 2371 Deo
910 2311 1003 2370 vel
1035 2332 1072 2370 a
1099 2309 1385 2381 Diabolo‚
1409 2308 1512 2370 sed
1542 2331 1649 2370 sua
1679 2320 1914 2391 sponte,

164 2395 395 2459 malum
417 2394 579 2469 facit,
601 2404 663 2454 et
685 2393 798 2454 hac
818 2404 988 2476 parte
1009 2392 1298 2452 liberrimi
1319 2403 1413 2452 est
1441 2392 1687 2453 arbitrii.
1730 2390 1914 2460 Quod

164 2500 307 2540 vero
334 2500 455 2539 non
486 2499 618 2537 raro
647 2476 948 2537 cernimus
977 2475 1239 2558 pessima
1270 2474 1537 2535 hominis
1559 2474 1826 2535 facinora
1853 2483 1916 2534 et

166 2561 415 2624 consilia
442 2562 524 2622 im
651 2560 720 2619 iri
752 2581 787 2619 a
813 2559 971 2633 De0,
999 2580 1078 2618 ne
1106 2560 1290 2619 finem
1329 2579 1509 2619 suum
1546 2578 1918 2638 consequan-

166 2656 285 2718 tur,
312 2665 434 2704 non
462 2654 527 2704 to
552 2644 622 2703 lit
657 2642 889 2702 homini
923 2642 1263 2703 libertatem
1301 2640 1361 2701 in
1398 2640 1582 2714 malo,
1611 2639 1717 2700 sed
1744 2639 1916 2700 Deus

167 2727 437 2812 potentia
465 2748 573 2787 sua
601 2725 907 2808 praevenit,
936 2724 1098 2806 quod
1130 2725 1318 2785 homo
1346 2723 1490 2785 alias
1524 2724 1712 2783 libere
1749 2721 1920 2782 insti-

169 2810 304 2873 tuit.
374 2809 547 2870 Sicut
577 2809 782 2869 fratres
804 2807 1062 2890 Josephi
1092 2807 1436 2891 Josephum
1467 2806 1652 2866 libere
1681 2805 1921 2864 institu-

169 2903 283 2955 unt
308 2891 551 2953 tollere:
582 2892 683 2952 sed
714 2914 837 2952 non
860 2902 1131 2974 possunt,
1153 2890 1317 2973 quod
1336 2890 1457 2950 Dei
1480 2887 1733 2949 consilio
1754 2885 1919 2948 aliud

170 2976 366 3037 visum
394 2986 569 3036 esset.

157 3077 164 3085 ·
255 3057 568 3127 Quantum
598 3079 740 3118 vero
770 3057 843 3118 ad
874 3058 1106 3118 bonum
1146 3066 1208 3117 et
1245 3055 1320 3116 ad
1353 3055 1624 3128 virtutes,
1654 3052 1921 3113 intellec-

174 3150 273 3200 tus
302 3139 585 3215 hominis,
611 3163 732 3202 non
764 3153 925 3202 recte
950 3140 1188 3220 judicat
1222 3138 1298 3199 de
1332 3137 1551 3198 divinis
1588 3157 1665 3196 ex
1699 3145 1922 3196 semet-

175 3222 324 3305 ipso·
410 3221 691 3303 Requirit
731 3224 895 3284 enim
938 3223 1248 3306 Scriptura
1289 3220 1632 3302 evangelica
1674 3228 1738 3278 et
1780 3238 1923 3301 apo-

175 3304 387 3366 stolica
405 3305 915 3386 regenerationem
938 3307 1046 3366 abs
1068 3304 1341 3386 quolibet
1364 3314 1657 3376 nostrum,
1674 3300 1780 3382 qui
1808 3299 1924 3362 sal·

175 3387 298 3448 vari
319 3387 597 3448 velimus.
624 3411 631 3418 ·
660 3387 842 3448 Unde
870 3388 1151 3447 nativitas
1179 3387 1342 3469 prior
1367 3406 1445 3446 ex
1466 3383 1707 3445 Adamo
1735 3382 1811 3444 ad
1833 3404 1926 3444 sa·

177 3470 367 3531 lutem
398 3470 549 3530 nihil
573 3469 747 3530 nobis
768 3468 1016 3531 confert.
1062 3469 1283 3530 Paulus
1315 3480 1340 3528 l
1369 3467 1509 3528 Cor.
1531 3466 1593 3527 ii.
1618 3465 1927 3528 Animalis

179 3552 370 3628 homo,
390 3553 491 3628 ait,
513 3574 627 3614 non
647 3553 913 3635 percipit
935 3574 1006 3613 ea
1116 3574 1165 3613 ω
1184 3559 1327 3613 sunt
1354 3550 1625 3633 Spiritus
1646 3549 1795 3625 Dei,
1815 3550 1927 3611 διο.

179 3635 351 3696 Idem
390 3649 570 3718 negat
610 3636 828 3699 alicubi
862 3658 969 3696 nos
1000 3574 1115 3696 iXu

1681 3776 1713 3787 l

1062 3656 1247 3697 oneos
1276 3656 1424 3711 esse,
1452 3654 1531 3696 ex
1559 3633 1735 3696 nobis
1764 3632 1929 3718 ipsis,
2011 3687 2019 3690 ,
