2418 4172
439 2180 442 2184 ·
531 2161 647 2220 rim
691 2158 908 2219 sanctis

524 378 632 431 432
827 374 945 429 111.
980 374 1083 429 ET
1120 374 1212 429 lv,
1248 375 1670 431 DOCTRINAE
1709 377 1988 443 CAPUT,

525 530 587 580 et
614 518 963 592 resistentia,
983 539 1146 578 nunc
1176 536 1419 597 regnare
1446 517 1696 600 incipiat
1724 530 2026 603 prompta,-
2043 541 2115 582 ac
2140 521 2263 582 sin-

525 623 660 663 cera
688 601 944 684 Spiritus
981 599 1358 668 obedientia3
1404 598 1464 659 in
1508 621 1631 680 quo
1659 623 1795 662 vera
1836 613 1898 662 et
1940 601 2261 684 spiritualis

525 695 739 744 nostrae
781 682 1103 742 voluntatis
1161 682 1508 741 instauratio
1559 694 1620 742 et
1671 684 1911 744 libertas
1968 684 2260 746 consistit.

527 767 665 834 Qua
707 764 935 825 ratione
978 763 1090 824 nisi
1136 763 1499 824 admirabilis
1535 763 1635 823 ille
1663 764 1862 825 omnis
1889 764 2031 825 boni
2059 765 2264 848 opifex

526 847 844 908 nobiscum
890 858 1109 928 ageret,
1137 847 1302 906 nulla
1344 868 1478 927 spes
1517 859 1672 907 esset
1718 847 1948 907 homini
1984 846 2262 930 surgendi

527 952 564 991 e
611 929 781 1012 lapsu
828 950 934 1011 per
977 929 1229 989 liberum
1283 928 1614 1003 arbitrium,
1651 950 1758 1011 per
1798 929 1958 1010 quod
2003 949 2086 1003 se,
2120 949 2265 991 cum

528 1022 734 1083 staret,-
754 1010 1148 1094 praecipitavit
1175 1011 1237 1070 in
1267 1010 1539 1152 οζζίῧιίἱη.

613 1172 1149 1243 Quemadmodum
1174 1172 1354 1233 etiam
1384 1173 1767 1254 omnipotens
1796 1173 1898 1235 illa
1917 1173 2038 1235 Dei
2059 1195 2268 1259 opera-

527 1257 634 1331 tio,
661 1278 781 1337 qua
809 1256 991 1316 vitam
1033 1254 1189 1314 hanc
1224 1266 1489 1314 nostram
1527 1255 1858 1315 naturalem
1892 1255 2170 1337 producit
2204 1268 2267 1318 et

529 1349 841 1412 sustentat,
883 1359 1005 1397 non
1055 1336 1322 1397 excludit
1368 1336 1471 1397 sed
1521 1337 1770 1416 requirit
1817 1358 1997 1398 usum
2040 1336 2268 1399 medio-

528 1443 685 1494 rum,
728 1442 835 1502 per
875 1441 1009 1500 quoe
1058 1419 1226 1479 Deus
1276 1440 1386 1501 pro
1429 1418 1666 1479 infinita
1715 1441 1822 1479 sua
1870 1420 2163 1502 sapientia
2205 1431 2268 1481 et

529 1503 799 1564 bonitate
836 1501 1117 1562 virtutem
1166 1502 1344 1562 istam
1395 1522 1569 1561 suam‘
1608 1499 1883 1562 exercere
1915 1501 2141 1563 voluit:
2182 1502 2267 1563 ita

529 1597 592 1647 et
641 1586 771 1646 hoec
815 1583 1098 1667 praedicta
1139 1584 1603 1666 supernaturalis
1647 1583 1777 1644 Dm
1821 1584 2106 1667 operatio,
2146 1604 2270 1667 qun

529 1690 638 1729 nos
667 1677 993 1748 regenerat,
1022 1666 1370 1746 neutiquam
1402 1665 1688 1738 excludit,
1717 1678 1822 1726 aut
1849 1668 2061 1727 evertit
2089 1683 2269 1727 usum

532 1749 867 1831 Evangelii,
896 1747 1058 1828 quod
1102 1748 1574 1830 sapientissimus
1607 1748 1792 1808 DEus
1826 1750 1886 1808 in
1931 1769 2135 1809 semen
2178 1769 2269 1808 re-

531 1829 950 1914 generationis,
979 1842 1041 1891 et
1069 1830 1272 1890 cibum
1314 1830 1527 1889 animoe
1555 1828 1866 1891 ordinavit.
1951 1831 2171 1903 Quare,
2198 1842 2270 1891 ut

531 1913 828 1997 Apostoli,
855 1924 917 1972 et
955 1912 1060 2004 qui
1097 1933 1198 1971 eos
1243 1911 1430 1971 secuti
1470 1922 1613 1971 sunt
1647 1911 1939 1984 doctores,
1965 1910 2042 1972 de
2079 1913 2269 1994 gratia

533 1997 647 2057 hac
675 1996 807 2055 Dm
837 1993 911 2054 ad
940 2014 1069 2072 eJus
1107 1993 1357 2073 gloriam
1396 2002 1459 2052 et
1485 1993 1682 2052 omnis
1712 1993 2007 2074 superbie
2032 1992 2272 2088 depres-

531 2078 780 2151 sionem,
807 2076 906 2158 pie
941 2075 1250 2217 {opuluni
1267 2074 1617 2167 docuerunt,
1646 2095 1842 2155 neque
1871 2085 2081 2168 ‘tamen
2120 2085 2273 2136 inte-

1001 2157 1254 2238 vangeln
1288 2167 1553 2228 monitis,
1581 2157 1695 2216 sub
1723 2158 1909 2230 verbi,
1937 2177 2273 2219 sacramen-

531 2255 753 2314 torum,
771 2252 831 2300 et
857 2238 1187 2321 disciplinae
1215 2238 1499 2299 exercitio
1525 2259 1665 2298 eum
1696 2239 2000 2299 continere
2028 2240 2274 2322 neglex-

532 2336 740 2385 erunt:
787 2322 874 2383 sic
901 2322 1255 2395 etiamnum,
1285 2320 1459 2393 absit,
1484 2331 1554 2380 ut
1581 2320 1866 2382 docentes
1902 2332 2007 2381 aut
2038 2321 2274 2383 discen·-

533 2418 623 2467 tes
666 2407 728 2467 iu
771 2403 1043 2466 Ecclesia
1072 2403 1278 2464 Duum
1310 2413 1539 2463 tentare
1583 2414 1968 2485 praesumant,
1993 2425 2065 2464 ea
2101 2423 2274 2486 sepa-

534 2489 738 2562 raudo,
779 2508 914 2568 quae
958 2486 1145 2547 Deus
1189 2507 1295 2567 pro
1341 2506 1450 2545 suo
1495 2485 1870 2567 beneplacito
1911 2485 2104 2546 voluit
2142 2506 2272 2546 esse

534 2569 1044 2649 conjunctissima.
1135 2567 1245 2627 Per
1274 2567 1500 2626 monita
1535 2567 1695 2627 enim
1735 2567 2039 2628 confertur
2063 2568 2271 2648 gratia,

535 2663 597 2713 et
646 2673 768 2732 quo
819 2671 928 2711 nos
976 2649 1243 2709 officium
1295 2659 1563 2708 nostrum
1615 2648 1867 2709 facimus
1916 2649 2274 2731 promptius,

537 2735 652 2795 hoc
696 2734 712 2793 i
763 2754 829 2792 so
871 2732 1002 2792 Dm
1048 2731 1110 2791 in
1156 2730 1328 2790 nobis
1373 2730 1672 2812 operantis
1719 2730 2078 2791 beneficium
2121 2731 2274 2792 solet

536 2838 665 2876 esse
693 2755 1000 2886 illustrius,
1021 2812 1470 2893 rectissimeque
1498 2812 1625 2891 ejus
1654 2834 1804 2895 opus
1827 2812 2111 2895 procedit.
2154 2812 2271 2874 Cui

537 2898 646 2959 soli
676 2897 894 2970 omnis,
922 2904 984 2956 et
1012 2894 1367 2968 mediorum,
1394 2906 1455 2955 ct
1493 2894 1764 2955 salutaris
1800 2915 2006 2955 eorum
2046 2894 2273 2957 fructus

539 2992 720 3062 atque
746 2977 1023 3042 efficacia
1051 2977 1303 3040 debetur
1329 2977 1516 3060 gloria
1544 2977 1606 3038 in
1638 2978 1871 3039 saecula.
1929 2978 2147 3039 Amen.
