2418 4172
834 315 1383 369 HELVETICA.
1909 323 1979 374 23

221 461 455 524 Christi
492 458 791 538 ejusmodi
830 459 980 532 vela,
1020 478 1158 538 quae
1201 467 1410 517 contra
1449 457 1802 539 religionem
1842 484 1978 523 nos-

226 555 382 606 tram
418 542 689 616 veniunt,
739 541 1241 625 appenderentur,
1285 538 1389 599 sed
1433 539 1741 601 tolleretur
1820 545 1976 607 otius

224 626 330 688 illa
369 625 814 719 scrupulositas,
857 647 991 706 quae
1034 622 1282 704 indigna
1323 621 1401 682 sit
1439 620 1710 683 Ecclesia
1805 625 1973 687 bristi

224 720 289 771 et
315 709 555 793 populis
584 708 882 770 fidelibus.
969 708 1257 767 Praeterea
1285 705 1691 787 approbamus
1723 706 1878 767 banc
1906 710 1972 770 S.

222 790 549 875 Augustini
589 790 665 851 de
712 812 849 851 vera
894 789 1181 871 religione
1217 787 1612 848 sententiam:
1656 796 1692 824 “
1721 788 1866 850 Non
1897 791 1974 851 sit

221 882 260 912 ‘⁸
289 874 463 936 nobis
510 873 719 955 religio
769 874 1174 933 humanorum
1204 892 1457 953 operum
1493 872 1706 931 cultus.
1793 873 1974 933 Meli·

220 963 259 994 “
285 979 417 1019 ores
446 957 604 1018 enim
639 968 780 1018 sunt
818 956 930 1038 ipsi
974 955 1229 1016 artifices
1259 953 1363 1035 qui
1405 953 1545 1013 talia
1574 954 1968 1017 fabricantur:

221 1047 262 1078 “
290 1061 444 1124 quos
473 1051 677 1101 tamen
706 1039 903 1100 colere
932 1060 1053 1098 non
1083 1036 1427 1098 debemus.”
1471 1036 1623 1120 Cap.
1654 1049 1752 1100 55.

724 1227 1459 1267 .-.--.*-.-.-.

220 1385 326 1449 De
351 1386 749 1460 Adoratione,
775 1385 984 1459 Cultu,
1016 1394 1075 1446 et
1104 1386 1490 1447 Invocatione
1519 1385 1668 1458 Dei,
1689 1407 1807 1467 per
1833 1389 1967 1450 uni.

504 1491 637 1531 cum
666 1469 1078 1530 Mediatorem
1104 1468 1323 1530 Jesum
1358 1468 1687 1530 Christum.

1048 1636 1125 1696 V.

211 1756 507 1838 DEUM
550 1790 761 1830 verum
804 1767 1092 1828 docemus
1136 1768 1332 1828 solum
1379 1766 1622 1829 adorare
1664 1780 1725 1830 et
1753 1771 1966 1832 colere.

213 1852 406 1915 Hune
433 1852 723 1914 honorem
757 1850 1277 1912 communicamus
1307 1851 1555 1925 nemini,
1581 1850 1760 1931 juxta
1791 1876 1963 1915 man-

208 1934 419 1998 datum
449 1935 728 2008 Domini,
760 1935 1097 1996 Dominum
1127 1934 1337 1995 Deum
1366 1942 1538 1995 tuum
1568 1935 1872 2012 adorabiS,
1904 1947 1965 1999 et

210 2017 388 2081 illum
414 2018 609 2080 solum
640 2018 815 2093 coleS,
835 2019 950 2091 vel,
974 2026 1035 2078 et
1062 2017 1203 2078 huic
1230 2018 1342 2078 uni
1366 2019 1608 2092 servies,
1632 2020 1861 2080 Mattb.
1882 2021 1959 2082 iv.

209 2101 391 2165 Certe
417 2124 627 2163 omnes
658 2102 969 2184 propbetae
1003 2100 1351 2182 gravissime
1389 2100 1609 2161 invecti
1641 2114 1783 2164 sunt
1817 2126 1964 2165 con-

208 2195 302 2247 tra
342 2185 640 2269 populum
697 2184 953 2257 Israelis,
1004 2183 1488 2265 quandocunque
1531 2183 1674 2246 deos
1718 2187 1961 2262 alienos,

206 2280 333 2330 non
365 2290 555 2329 unum
589 2268 786 2327 solum
814 2267 1021 2328 Deum
1051 2288 1280 2339 verum,
1310 2266 1630 2328 adorarunt
1666 2279 1729 2328 et
1761 2270 1960 2331 colue-

204 2361 365 2411 runt.
457 2349 849 2411 Adorandum
910 2359 1112 2409 autem
1172 2348 1615 2430 colendumque
1668 2349 1957 2414 docemus

204 2432 434 2508 Deum,
462 2433 638 2494 sicuti
669 2433 797 2515 ipse
832 2454 942 2492 nos
982 2432 1177 2492 colere
1204 2431 1431 2504 docuit,
1460 2432 1522 2492 in
1554 2433 1766 2514 spiritu
1793 2435 1960 2495 vide-

204 2516 349 2578 licet
394 2529 457 2578 et
501 2515 747 2576 veritate
790 2516 969 2576 Joan.
1014 2515 1089 2575 iv.
1140 2537 1261 2575 non
1310 2536 1450 2575 cum
1499 2515 1622 2576 ulla
1673 2518 1958 2599 supersti-

203 2599 390 2673 tione,
419 2598 524 2660 sed
553 2622 692 2660 cum
734 2598 1112 2681 synceritate,
1143 2596 1475 2659 secundum
1506 2600 1757 2659 verbum
1789 2600 1954 2680 ejus:

203 2704 283 2744 ne
310 2682 633 2764 aliquando
663 2681 738 2743 ad
772 2704 882 2742 nos
924 2682 1106 2742 etiam
1138 2680 1319 2755 dicat,
1350 2680 1524 2742 Isaiae
1553 2683 1696 2742 lxvi.
1726 2684 1955 2745 Jerem.

203 2765 304 2829 vii.
354 2766 514 2831 Quis
554 2766 873 2847 requisivit
908 2765 1031 2826 hcec
1068 2786 1142 2825 ex
1168 2764 1450 2826 manibus
1476 2767 1746 2826 vestris?
1786 2766 1950 2828 Nam

203 2859 267 2910 et
294 2848 535 2924 PauluS,
569 2850 747 2910 Deus
790 2870 907 2910 non
942 2847 1186 2921 colitur,
1217 2848 1318 2921 ait,
1348 2847 1627 2908 humanis
1655 2850 1955 2924 manibus,

203 2939 495 3014 tanquam
542 2933 648 3014 qui
702 2933 832 3013 ipse
877 2931 1085 3012 aliquo
1143 2931 1438 3014 indigeat,
1489 2933 1596 2991 διο.
1626 2931 1764 2991 Act.
1812 2932 1953 2993 xvii.

202 3013 485 3077 Eundem
532 3016 728 3077 solum
771 3015 1121 3076 invocamus
1164 3014 1226 3075 in
1274 3014 1557 3075 omnibus
1597 3013 1957 3075 discrimini-

206 3097 321 3158 bus
364 3109 428 3159 et
470 3099 707 3161 casibus
734 3098 873 3182 vitae
909 3108 1152 3172 nostrae,
1181 3097 1364 3177 idque
1402 3119 1512 3179 per
1549 3097 1953 3158 interventum
2044 3099 2052 3106 ’

204 3178 364 3241 unici
398 3180 751 3242 Mediatoris
780 3193 843 3242 et
860 3180 1276 3242 Intercessoris
1315 3180 1500 3240 nostri
1529 3180 1679 3240 Jesu
1703 3179 1951 3242 Christi.

202 3261 446 3323 Diserte
475 3262 638 3323 enim
661 3275 1027 3345 praeceptum
1053 3275 1145 3323 est
1167 3262 1375 3322 nobis:
1410 3263 1631 3322 Invoca
1656 3283 1749 3322 me
1769 3263 1831 3324 in
1852 3263 1951 3325 die

204 3344 643 3418 tribulationis,
661 3354 722 3406 et
739 3366 948 3406 eruam
967 3353 1045 3418 te,
1066 3353 1126 3406 et
1138 3342 1523 3427 glorificabis
1543 3364 1656 3417 me,
1674 3345 1894 3407 Psalm.
1909 3348 1948 3407 l.

203 3428 327 3490 Sed
353 3441 417 3489 et
443 3427 857 3490 liberalissime
885 3426 1057 3487 nobis
1086 3427 1448 3509 promissum
1480 3437 1571 3487 est
1600 3448 1635 3486 a
1661 3426 1953 3503 Domino,

203 3510 475 3573 dicente:
524 3510 835 3594 Quicquid
858 3509 1168 3591 petieritis
1196 3532 1236 3571 a
1255 3508 1455 3571 Patre
1482 3530 1631 3584 mea,
1659 3510 1830 3573 dabit
1853 3535 1951 3575 vo-

206 3591 315 3670 bis,
338 3595 518 3658 Joan.
547 3595 671 3657 xvi.
731 3594 914 3668 Item,
949 3591 1174 3655 Venite
1206 3593 1292 3654 ad
1321 3613 1432 3667 me,
1463 3600 1758 3674 quotquot
1787 3594 1952 3656 labo-

1012 3695 1048 3735 c
1079 3688 1116 3737 4

1669 3856 1703 3867 l
