2418 4172
433 305 539 360 216
1056 306 1548 361 CONFESSIO

441 448 729 509 hactenus
758 448 1038 530 singulari
1074 469 1247 509 usum
1277 469 1406 508 esse
1432 441 1861 522 moderatione,
1881 469 2017 531 quae
2047 448 2185 531 qui-

438 529 576 591 dem
620 531 667 591 si
757 531 918 592 ificat
961 543 1020 590 te
1062 529 1138 591 de
1181 530 1487 613 republica
1516 530 1628 591 rite
1657 529 1921 592 sananda
1958 531 2187 593 delibe-

441 633 584 673 rare.
669 552 815 674 §ion
845 614 974 674 vult
1003 612 1296 687 Ecclesia,
1323 624 1384 673 te
1425 613 1634 674 alienae
1672 612 2039 676 crudelitatis
2068 614 2186 676 mi-

383 748 390 753 ,
442 694 696 756 nistrum
745 696 890 757 fieri.
978 695 1292 756 Maximus
1345 697 1536 755 bonor
1584 708 1676 756 est
1724 716 1958 777 regum,
2000 717 2187 778 quem

440 777 653 849 tribuit
694 778 779 838 eis
821 778 1050 852 Esaias,
1094 800 1233 839 cum
1280 777 1496 858 inquit,
1534 799 1631 839 eos
1673 778 1888 839 debere
1929 776 2191 839 ecclesia

441 860 727 921 nutritios
770 882 912 934 esse,
944 861 1059 921 hoc
1103 872 1194 921 est
1240 859 1510 942 imperia,
1543 860 1951 921 defensionem
2005 860 2192 954 pacis,

444 953 507 1003 et
550 943 830 1003 humanoe
873 942 1190 1015 societatis,
1219 964 1339 1003 non
1384 943 1577 1002 solum
1618 943 1907 1025 corporali
1943 941 2188 1004 utilitati

446 1025 681 1097 servire,
711 1024 814 1084 sed
844 1024 1025 1084 etiam
1057 1023 1335 1104 adjuvare
1373 1024 1774 1105 evangelium,
1803 1046 1943 1087 cum
1986 1024 2192 1086 videli-

445 1118 541 1167 cet
579 1118 640 1166 et
677 1117 890 1186 tegunt
924 1105 1275 1186 sacerdotes,
1304 1117 1365 1165 et
1402 1118 1532 1166 tran
1580 1107 1894 1168 uillitatem
1934 1106 2192 1168 civitati-¹

447 1189 560 1248 bus
603 1187 964 1259 concedunt,
1001 1199 1068 1247 ut
1109 1186 1339 1247 institui
1384 1187 1458 1247 ad
1502 1127 1850 1270 religionem
1884 1188 2194 1268 juventus,

446 1282 508 1330 et
550 1269 747 1330 doceri
789 1269 1063 1330 homines
1105 1268 1349 1361 possint.
1436 1268 1638 1350 Rogat
1683 1269 1868 1351 igitur
1902 1269 2194 1345 Ecclesia,

449 1364 518 1413 ut
547 1351 891 1412 memineris
919 1351 1028 1411 tibi
1060 1372 1192 1433 pios
1223 1349 1556 1410 sacerdotes
1585 1363 1878 1432 tanquam
1918 1351 2194 1413 alumnos

446 1433 701 1495 tuendos
731 1456 876 1494 esse.
961 1433 1163 1494 Tuum
1195 1453 1417 1493 munus
1456 1444 1566 1507 est,
1595 1434 1953 1495 innocentie
1989 1433 2195 1517 praesi-

446 1516 547 1576 dio
589 1539 737 1589 esse,
769 1516 1066 1598 depellere
1109 1515 1373 1595 injurias,
1410 1516 1715 1599 praecipue
1758 1517 1835 1577 ab
1878 1515 2197 1578 imbecilli·

449 1600 581 1672 buS,
611 1599 714 1679 qui
746 1621 808 1658 se
836 1598 990 1658 tueri
1022 1620 1140 1658 non
1171 1609 1425 1691 possunt
1455 1597 1587 1679 ipsi,
1617 1621 1651 1658 a
1680 1599 1794 1680 piis
1827 1598 2194 1673 mulieribus,

448 1703 483 1742 a
525 1681 798 1763 pueritia,
828 1682 904 1741 ab
946 1681 1247 1762 orphanis.
1331 1679 1405 1740 In
1453 1679 1544 1739 liis
1587 1681 1768 1740 etiam
1816 1680 2190 1742 sacerdotum

449 1763 734 1844 conjuges
762 1774 824 1823 et
851 1764 1088 1835 liberos,
1117 1763 1219 1843 qui
1250 1783 1386 1822 vere
1417 1773 1557 1822 sunt
1584 1762 1859 1845 orphani,
1886 1762 1997 1824 tibi
2026 1784 2195 1825 com-

453 1846 664 1906 missos
693 1845 981 1907 divinitus
1009 1845 1335 1906 existimes.

533 1927 806 1989 Ecclesia
833 1929 925 1988 vel
958 1928 1222 1988 maxime
1248 1926 1587 2008 φιλόστοργος
1623 1940 1735 1998 est,
1764 1939 1827 1988 et
1859 1949 1981 1989 non
2013 1927 2196 1989 inodo

451 2011 779 2092 conjugum
810 2011 963 2071 inter
991 2032 1054 2070 se
1082 2009 1459 2082 charitatem,
1479 2021 1795 2091 parentum
1818 2031 1960 2093 erga
1978 2009 2196 2071 libero·

452 2115 716 2154 amorem
760 2093 992 2174 probat,
1022 2091 1125 2152 sed
1166 2089 1423 2152 afficitur
1454 2091 1635 2153 etiam
1668 2092 1798 2175 ipsa
1824 2091 2194 2154 desertorum

452 2187 634 2256 atque
671 2174 1078 2258 orphanorum
1118 2173 1418 2235 aerumnis.
1502 2175 1596 2235 Ac
1621 2196 1763 2235 vero
1791 2175 1851 2235 in
1887 2186 2055 2236 tanta
2089 2175 2198 2235 bo-

451 2258 638 2319 nitate
676 2270 902 2319 naturae
941 2269 1065 2318 tuae
1104 2257 1254 2317 nibil
1298 2278 1427 2317 esse
1459 2257 1703 2339 ἄστοργον
1728 2257 1982 2337 judicat,
2010 2278 2197 2339 quare

451 2352 648 2423 sperat
690 2341 800 2400 tibi
844 2362 1086 2421 quoque
1128 2339 1393 2399 dolorem
1440 2340 1643 2400 afferre
1686 2339 2059 2401 sacerdotum
2090 2360 2196 2400 ne-

451 2445 549 2483 ces
580 2444 649 2483 ac
679 2422 991 2505 supplicia,
1014 2421 1340 2503 conjugum
1365 2433 1428 2483 et
1452 2422 1769 2483 liberorum
1794 2421 1990 2483 exilia.
2055 2420 2196 2482 Mo-

451 2517 555 2565 net
597 2504 745 2564 illud
790 2505 968 2564 etiam
1014 2503 1304 2578 Ecclesia,
1331 2516 1400 2564 ut
1440 2504 1774 2587 provideas,
1804 2526 1880 2564 ne
1923 2504 2195 2587 plerique

450 2586 734 2647 doctrinae
763 2586 1124 2647 Christianae
1165 2586 1298 2660 loci,
1326 2608 1580 2667 quorum
1616 2586 1943 2647 necessaria
1969 2597 2061 2647 est
2087 2606 2195 2648 ex-

451 2668 717 2752 plicatio,
745 2669 925 2729 simul
954 2668 1388 2751 opprimantur,
1415 2668 1561 2730 dum
1592 2669 1692 2751 pie
1719 2668 1934 2730 eruditi
1970 2668 2198 2729 interfl-

451 2752 710 2826 ciuntur,
730 2750 875 2812 dum
907 2753 1295 2812 excutiuntur
1323 2750 1667 2813 hominibus
1691 2751 1889 2812 studia
1908 2750 2195 2813 doctrinm

450 2834 828 2895 Christianae.
915 2833 1077 2903 Quid
1129 2845 1315 2914 agunt
1364 2833 1676 2895 adversarii
1735 2834 1916 2909 aliud,
1952 2833 2066 2896 nisi
2104 2844 2196 2911 ‘ut

450 2916 660 2978 deletis
700 2916 983 2977 omnibus
1022 2916 1204 2977 literis
1233 2928 1294 2977 et
1323 2938 1603 3010 oppressa
1636 2917 1927 2991 doctrina,
1955 2926 2191 2978 tantum

451 2999 753 3082 pendeant
796 2999 1071 3060 homines
1114 3021 1189 3060 ex
1232 3010 1547 3060 autoritate
1583 3000 1841 3074 illorum,
1868 2999 1972 3081 qui
2001 2998 2198 3060 domi-

451 3094 691 3155 nantur,
718 3081 951 3143 somnia
980 3080 1355 3144 indoctorum
1387 3083 1720 3163 quamlibet
1747 3082 1955 3165 impia,
1983 3101 2196 3163 quam·

452 3165 602 3226 libet
640 3163 911 3239 absurda,
939 3163 1165 3226 ducant
1207 3187 1334 3225 esse
1376 3165 1632 3226 oracula.
1722 3165 1903 3227 Hanc
1933 3162 2195 3226 barbari-

453 3270 583 3308 cain
630 3247 975 3309 servitutem
1020 3247 1370 3308 existimant
1412 3247 1723 3309 adversarii
1768 3246 2047 3342 prodesse
2085 3243 2192 3304 do-

456 3330 767 3390 minationi
814 3352 952 3391 suae.
1037 3329 1174 3391 Nec
1222 3330 1473 3391 obscure
1524 3331 1730 3392 multis
1776 3351 1836 3391 in
1883 3326 2027 3390 locis
2056 3329 2188 3406 jam

456 3412 568 3473 liac
614 3412 895 3474 servitute
924 3414 1090 3493 jacet
1126 3435 1406 3497 oppressa
1448 3412 1735 3475 Ecclesia.
1819 3408 1951 3471 Etsi
1986 3419 2187 3468 autem

456 3515 562 3552 nos
591 3516 832 3575 quoque
861 3511 1087 3556 veteres
1116 3518 1142 3556 s
1189 3495 1377 3557 nodos
1406 3495 1827 3578 amplectimur
1861 3510 2191 3573 congruen-

457 3587 544 3634 tes
587 3597 724 3636 cum
766 3577 1091 3658 apostolica
1124 3518 1412 3653 doctrina,
1439 3589 1642 3639 tamen
1671 3594 1791 3636 non
1818 3571 1993 3634 decet
2020 3582 2189 3635 auto·
