2418 4172
474 290 544 340 20
1069 290 1557 343 CONFESSIO

738 514 840 574 De
870 515 1024 590 Dea,
1062 515 1316 576 Unitate
1345 516 1493 598 ejus,
1522 536 1596 575 ac
1631 514 1952 575 Trinitate.

1296 707 1415 768 111.

478 825 771 904 DEUM
818 837 1117 899 credimus
1147 850 1208 898 et
1250 837 1538 898 docemus
1575 858 1761 898 unum
1802 858 1932 897 esse
1970 835 2228 897 essentia

479 924 570 984 vel
596 935 827 993 natura,
848 943 952 1002 per
974 942 1036 980 se
1067 922 1514 993 subsistentem,
1536 920 1648 980 sibi
1673 919 1746 980 ad
1776 919 1981 981 omnia
2009 916 2229 980 suffici·

479 1018 703 1078 entem,
731 1003 1113 1077 invisibilem,
1151 1004 1589 1085 incorporeum,
1630 1003 2015 1074 immensum,
2056 1012 2230 1061 aeter-

481 1110 648 1162 num,
704 1085 1049 1146 Creatorem
1096 1107 1293 1146 rerum
1349 1084 1645 1159 omnium,
1701 1106 1838 1145 cum
1884 1082 2232 1156 visibilium,

479 1185 612 1232 tum
652 1168 1063 1241 invisibilium,
1102 1188 1410 1227 summum
1459 1167 1712 1240 bonum,
1747 1166 1975 1242 vivum,
2001 1176 2065 1226 et
2099 1181 2232 1227 om·

479 1253 579 1313 nia
608 1250 1012 1312 vivificantem
1043 1261 1105 1310 et
1138 1260 1612 1321 conservantem,
1639 1247 2143 1330 omnipotentem,
2168 1259 2236 1308 et

481 1355 719 1396 summe
762 1331 1116 1415 sapientem,
1167 1333 1551 1404 clementem,
1595 1330 1719 1391 sive
1761 1327 2235 1402 misericordem,

468 1419 709 1498 justum
745 1427 925 1496 atque
953 1436 1246 1476 veracem.
1334 1413 1744 1474 pluralitatem
1788 1434 1929 1474 vero
1956 1412 2232 1474 Deorum

481 1499 935 1562 abominamur:
979 1496 1141 1578 quod
1192 1496 1411 1557 diserte
1455 1496 1565 1556 scri
1615 1507 1745 1556 tum
1795 1496 1892 1570 sit,
1925 1495 2236 1557 Dominus

483 1584 666 1644 Deus
694 1590 837 1643 tuus
864 1601 1024 1641 unus
1053 1588 1159 1641 est.
1210 1579 1351 1662 Ego
1380 1601 1514 1639 sum
1610 1579 1846 1640 ominus
1867 1579 2047 1640 Deus
2073 1586 2235 1651 tuus,

481 1688 601 1727 non
627 1666 754 1726 sint
782 1663 894 1724 tibi
925 1662 1012 1723 dii
1035 1662 1223 1723 alieni
1245 1660 1633 1746 antesaciem
1665 1683 1877 1724 meam.
1931 1661 2077 1745 Ego
2098 1660 2235 1722 Do-

482 1749 682 1810 minus
712 1755 772 1808 et
799 1744 1008 1807 nullus
1036 1745 1226 1818 ultra,
1242 1753 1470 1826 praeter
1498 1766 1592 1805 me
1621 1767 1738 1805 non
1768 1753 1855 1806 est
1876 1746 2070 1807 Deus.
2126 1744 2237 1806 An

482 1854 604 1894 non
633 1853 744 1914 ego
762 1828 1089 1902 Dominus,
1113 1836 1171 1889 et
1192 1850 1310 1889 non
1334 1841 1420 1888 es!
1452 1828 1612 1888 alius
1627 1837 1856 1908 praeter
1875 1849 1971 1889 me
1989 1825 2182 1888 solum
2197 1827 2235 1886 ,⁹

484 1913 885 1998 Deusjustus
914 1919 973 1972 et
998 1910 1262 1985 salvaris,
1290 1909 1500 1971 nullus
1518 1923 1745 1991 prester
1771 1932 1883 1971 me.
1948 1909 2091 1993 Ego
2116 1909 2236 1970 Je-

484 1996 696 2070 ΙιουαΙι,
722 1993 1003 2056 Jelzovalz
1028 1994 1226 2065 Deus,
1255 1994 1622 2066 misericors,
1651 1993 1910 2055 clemens
1938 2000 1997 2053 et
2024 1992 2237 2075 longa-

483 2081 683 2155 nimi-5,
733 2080 1037 2139 immensae
1083 2076 1371 2138 bonitatis
1421 2084 1482 2136 et
1538 2076 1833 2150 veritatis,
1878 2077 1991 2137 διο.
2037 2073 2236 2136 Exod.

483 2185 691 2225 xxxiv.

567 2245 849 2308 Eundem
881 2243 1274 2305 nihilominus
1303 2244 1511 2305 Deum
1537 2243 1923 2315 immensum,
1954 2262 2142 2303 unum
2174 2251 2236 2300 et

486 2329 830 2402 indivisum,
858 2326 1156 2388 credimus
1197 2339 1257 2385 et
1296 2326 1583 2386 docemus
1623 2325 1891 2407 personis
1937 2324 2065 2384 inse
2110 2345 2237 2384 ara·

486 2412 688 2473 biliter
716 2423 777 2471 et
807 2408 1119 2470 inconfuse
1150 2431 1278 2468 esse.
1307 2408 1681 2481 distinctum,
1715 2346 2237 2479 Patrem,Filium,

486 2506 546 2557 et
576 2493 869 2578 Spiritum
896 2492 1208 2565 Sanctum,
1238 2491 1320 2553 ita
1355 2503 1422 2552 ut
1454 2492 1627 2552 Pater
1654 2492 1731 2551 ab
1763 2504 1988 2551 aeterno
2010 2489 2234 2550 Filium

488 2575 876 2659 generaverit,
906 2574 1095 2635 Filius
1126 2574 1508 2655 generatione
1549 2573 1829 2634 ineffabili
1871 2570 2110 2653 genitus
2139 2571 2237 2645 sit,

427 2721 434 2727 ,
487 2660 746 2743 Spiritus
776 2659 1032 2718 Sanctus
1065 2678 1202 2717 vero
1232 2656 1515 2739 procedat
1538 2657 1614 2716 ab
1644 2668 1919 2736 utroque,
1949 2654 2131 2736 idque
2160 2654 2238 2715 ab

487 2754 731 2815 aeterno,
753 2762 893 2801 cum
925 2751 1180 2820 utroque
1211 2739 1577 2800 adorandus:
1617 2739 1698 2800 ita
1729 2751 1795 2800 ut
1826 2739 1944 2799 sint
1974 2750 2092 2799 tres
2115 2759 2236 2798 non

487 2824 733 2907 quidem
766 2823 895 2899 Dii,
924 2822 1027 2883 sed
1065 2834 1183 2883 tres
1215 2823 1490 2883 Personae
1537 2820 2094 2894 consubstantiales,
2138 2841 2238 2880 eo-

488 2920 748 2980 aeternae,
765 2917 827 2968 et
853 2906 1210 2987 coaequales‚
1229 2905 1528 2967 distinctae
1603 2904 1754 2967 uoad
1779 2905 2151 2987 hypostases,
2177 2914 2239 2963 et

486 2990 696 3056 ordine
724 2989 838 3051 alia
867 2988 1045 3051 aliam
1085 2987 1447 3071 praeeedens,
1477 2927 1643 3049 nulla
1681 3001 1885 3048 tamen
1933 2984 2241 3067 inoequali-

489 3086 630 3135 tate.
718 3072 879 3135 Nam
925 3069 1125 3153 quoad
1168 3084 1443 3133 naturam
1477 3072 1568 3131 vel
1599 3070 1943 3141 essentiam,
1973 3067 2058 3130 ita
2096 3079 2236 3129 sunt

490 3156 849 3237 conjunctae‚
892 3167 961 3216 ut
1008 3154 1130 3217 sint
1173 3176 1327 3216 unus
1379 3154 1570 3228 Deus,
1619 3153 1995 3233 essentisque
2036 3149 2238 3212 divina

490 3238 830 3299 communis
873 3237 951 3299 sit
990 3236 1168 3311 Patri,
1198 3237 1372 3311 Filio,
1401 3249 1462 3298 et
1491 3236 1739 3320 Spiritui
1764 3237 2008 3296 Sancto.
2091 3232 2237 3294 Dis-

491 3321 842 3381 tinctionem
901 3320 1063 3382 enim
1124 3342 1509 3402 personarum
1573 3318 1950 3380 manifestam
1995 3312 2240 3376 tradidit

492 3403 664 3463 nobis
710 3403 1036 3485 Scriptura,
1085 3404 1323 3485 Angelo
1368 3401 1441 3463 ad
1488 3402 1687 3463 divam
1728 3399 2039 3480 Virginem
2086 3397 2239 3457 inter

491 3485 606 3546 alia
634 3484 904 3545 dicente:
953 3486 1229 3566 Spiritus
1257 3486 1523 3546 Sanctus
1561 3482 1941 3566 superveniet
1979 3480 2041 3540 e‘n
2072 3488 2151 3552 ee,
2181 3489 2238 3539 e!

492 3571 689 3629 rit-tus
719 3565 1024 3628 Altissimi
1051 3568 1427 3629 obumbrabit
1456 3568 1584 3626 tibi.
1662 3565 1750 3625 Ee
1777 3562 1939 3646 quod
1956 3571 2240 3624 nascetur
