2418 4172
527 393 638 445 284
1160 391 1646 447 CONFESSIO

538 532 728 595 Unico
753 531 1053 616 sacrffim'o
1084 534 1516 596 consummavit
1543 534 1610 595 in
1639 542 2001 629 perpetuum
2038 557 2136 598 eos
2255 537 2280 598 ἰ

526 614 1032 699 sanctificantur.-
1077 628 1139 677 et
1178 616 1295 678 hoc
1335 616 1692 678 sacrificium
1725 617 1976 700 singulis
2017 641 2125 680 sua
2202 618 2279 680 de

527 698 881 782 applicatur,
909 720 1046 761 cum
1081 699 1334 760 audiunt
1362 699 1782 781 Evangelium,
1804 711 1866 761 et
1893 701 2278 763 sacramentis

527 792 796 853 utuntur,
842 795 909 843 ut
949 782 1167 843 Paulus
1213 782 1443 863 inquit:
1495 782 1694 847 Quem
1735 784 1943 863 posuit
2149 783 2165 798 ⁶
2198 784 2214 799 ⁰

527 872 715 925 torem
760 866 826 925 in
873 866 1176 947 sanguine
1220 887 1335 946 per
1352 863 1576 947 fidem,
1624 877 1702 939 et,
1731 866 1956 927 Justus
2164 887 2280 927 sua

524 947 699 1008 vivet.
786 947 869 1007 Et
913 947 972 1007 in
1011 960 1034 1007 1
1067 948 1257 1008 Petri:
1304 946 1692 1030 Sanctg‘ficati
1721 948 1979 1045 Spiritu,
2022 949 2108 1009 ad
2144 949 2278 1010 obe·

526 1029 817 1091 dientiam
861 1037 919 1090 et
963 1031 1436 1110 conspersionem
1479 1031 1801 1113 sanguim
1834 1031 1992 1093 Jesu
2030 1031 2276 1093 Christi.

524 1111 761 1173 Caetera
805 1111 1095 1171 sacrificia
1138 1112 1197 1172 in
1228 1111 1431 1172 Veteri
1461 1113 1853 1175 Testamento
1898 1114 2141 1175 fuerunt
2183 1126 2279 1197 ty-

523 1194 679 1276 pica,
707 1194 782 1253 de
812 1191 1032 1273 quibus
1062 1215 1170 1253 suo
1205 1194 1342 1253 loco
1370 1194 1669 1276 copiosius
1697 1194 1933 1271 dicitur,
1962 1208 2024 1257 et
2052 1218 2280 1278 nequa-

525 1297 708 1357 quam
752 1275 1134 1336 merebantur
1162 1275 1571 1336 remissionem
1613 1289 2021 1359 peecatorum,
2050 1290 2113 1340 et
2144 1301 2277 1340 om·

523 1380 629 1418 nes
669 1357 927 1437 justitiae
978 1369 1319 1418 sanctorum
1373 1359 1655 1419 omnibus
1706 1359 2101 1442 temporibus,
2147 1360 2279 1422 fue-

523 1452 681 1511 runt,
713 1451 873 1514 sunt,
902 1450 964 1500 et
1003 1451 1180 1501 erunt
1218 1441 1509 1502 sacrificia
1542 1439 1755 1515 laudis,
1785 1464 1888 1502 seu
1921 1442 2278 1525 εῆςαριστικᾶι,

523 1545 657 1604 quae
705 1545 825 1583 non
882 1535 1185 1584 merentur
1232 1522 1474 1585 facienti
1515 1535 1621 1584 aut
1665 1524 1794 1585 aliis
1840 1525 2279 1602 remissionem,

524 1606 626 1666 sed
659 1617 799 1666 sunt
827 1605 1023 1667 cultus
1054 1606 1242 1667 debiti
1275 1607 1334 1667 in
1367 1607 1637 1689 singulis,
1665 1619 1726 1667 et
1765 1608 2005 1689 placent
2035 1619 2278 1752 profit?-

524 1689 924 1749 Mediatorem
976 1701 1037 1750 et
1080 1710 1389 1750 summum
1435 1689 1820 1750 Sacerdotem
1866 1690 2089 1752 Filium
2236 1692 2275 1767 i,

522 1782 593 1832 ut
625 1771 844 1832 dicitur
873 1770 946 1831 ad
978 1772 1142 1832 Heb.
1167 1773 1294 1833 Per
1322 1773 1518 1853 ipsum
1548 1771 1867 1857 offerimus
1898 1771 2275 1856 sacr-§ficium

524 1853 727 1915 laudis
753 1875 987 1935 semper
1017 1854 1197 1915 Deo.-
1262 1855 1443 1916 Hanc
1480 1877 1608 1915 esse
1650 1855 1967 1916 immotam
2008 1868 2068 1916 et
2107 1868 2277 1918 aeter-

523 1959 663 1998 nam
716 1937 1046 2010 veritatem,
1097 1937 1652 2000 manifestissimum
1710 1949 1818 1998 est.
1904 1938 2086 2007 Quod
2134 1961 2275 2001 vero

523 2021 786 2081 citantur
814 2034 1023 2080 contra
1049 2030 1176 2079 tam
1208 2020 1430 2080 claram
1460 2019 1657 2079 lucem
1679 2019 1943 2080 veritatis
1971 2030 2277 2101 centones,

524 2125 675 2183 quos
727 2102 1045 2162 nominant
1089 2123 1347 2163 canones
1400 2101 1616 2175 missoe,
1658 2101 1839 2162 etiam
1885 2102 2276 2166 manifestum

522 2196 614 2245 est
663 2184 981 2245 dissimiles
1027 2206 1156 2245 esse
1200 2206 1459 2246 canones
1499 2185 1742 2246 Graecos
1788 2195 1848 2245 et
1885 2184 2172 2247 Latinos:
2213 2198 2278 2248 et

524 2268 767 2329 Groecos
799 2267 960 2351 ipsos
989 2266 1302 2329 dissentire
1331 2268 1488 2328 inter
1515 2290 1643 2328 sese
1671 2266 1747 2328 de
1778 2290 1843 2328 re
1871 2268 2172 2330 maxima:
2214 2279 2277 2331 et

522 2350 583 2410 in
640 2351 755 2411 hoc
793 2350 1036 2424 Latino,
1078 2351 1180 2432 qui
1226 2350 1479 2412 usitatus
1525 2362 1635 2425 est,
1682 2363 1930 2445 apparet
1978 2352 2272 2436 paulatim

524 2433 762 2494 adsutas
792 2456 920 2494 esse
949 2433 1196 2495 lacinias
1228 2435 1303 2494 ab
1332 2433 1552 2513 ignotis
1582 2434 1910 2494 autoribus.

606 2516 795 2576 Vetus
819 2516 1091 2578 Ecclesia
1119 2516 1309 2577 utitur
1337 2515 1684 2576 nominibus
1717 2515 1987 2577 sacrificii
2018 2527 2079 2577 et
2105 2516 2275 2578 obla-

523 2598 737 2660 tionis:
783 2597 885 2658 sed
931 2598 1214 2680 intelligit
1255 2609 1445 2659 totam
1492 2597 1813 2672 actionem,
1844 2598 2274 2682 precationem,

523 2681 953 2764 sumptionem,
980 2680 1474 2755 recordationem,
1495 2679 1700 2756 fldem,
1729 2703 1922 2764 spem,
1951 2681 2275 2743 confessio·

525 2786 686 2838 nem,
714 2777 775 2824 et
804 2764 1127 2847 gratiarum
1160 2763 1479 2825 actionem.
1568 2763 1723 2825 Haec
1762 2775 1889 2825 tota
1925 2764 2083 2825 actio
2121 2763 2275 2827 inte-

525 2848 643 2908 rior
680 2857 741 2907 et
782 2847 1057 2918 exterior,
1087 2847 1147 2908 in
1188 2846 1460 2928 quolibet
1501 2868 1786 2907 converso
1830 2845 1904 2908 ad
1946 2846 2175 2922 Deum,
2211 2859 2275 2909 et

524 2931 584 2991 in
629 2940 755 2991 tota
797 2928 1086 3003 Ecclesia,
1129 2942 1220 2991 est
1263 2951 1461 2990 revera
1508 2930 1867 2991 sacrificium
1917 2928 2126 3004 laudis,
2166 2952 2273 2991 seu

526 3011 894 3096 en’qgapwrexo»,
924 3024 986 3074 et
1025 3014 1204 3094 λογικὴ
1233 3013 1474 3095 hat-pelaz
1518 3024 1579 3073 et
1625 3035 1764 3073 cum
1812 3013 2011 3095 inquit
2052 3011 2275 3075 Domi-

524 3118 657 3170 nus,
693 3096 846 3157 Veri
887 3096 1242 3158 adoratores
1275 3096 1615 3157 adorabunt
1645 3095 1901 3157 Patrem
1943 3096 2008 3157 in
2047 3096 2276 3178 spiritu

527 3188 585 3242 et
612 3179 904 3250 veritate3
937 3177 1232 3254 adfirmat,
1262 3179 1322 3240 in
1352 3179 1532 3240 Novo
1551 3179 1943 3241 Testamento
1972 3200 2093 3240 non
2122 3201 2275 3263 pre·

525 3263 643 3346 cipi
674 3274 922 3323 externa
959 3262 1264 3337 sacrificia,
1294 3284 1428 3343 quae
1466 3262 1593 3323 fleri
1635 3284 1876 3323 necesse
1907 3261 2009 3337 -sit,
2037 3258 2270 3323 etiamsi

526 3346 585 3406 in
631 3343 808 3406 corde
847 3345 995 3407 nulli
1039 3345 1158 3406 sint
1201 3357 1403 3407 motus
1441 3345 1699 3430 Spiritus
1729 3344 1970 3407 Sanctiz
2013 3343 2167 3405 sieut
2206 3340 2269 3403 in

526 3429 655 3511 lege
683 3450 923 3490 necesse
951 3440 1077 3490 erat
1104 3429 1517 3491 caeremoniam
1551 3428 1869 3512 paschatos
1895 3424 2129 3488 servari.

608 3511 726 3571 Sed
769 3510 843 3572 de
888 3533 1063 3573 coena
1109 3511 1367 3573 Domini
1412 3511 1663 3573 dicitur:
1708 3510 1939 3572 Probet
1976 3527 2045 3568 se
2083 3527 2269 3567 unus—

527 3594 792 3674 quisque,
820 3596 931 3655 διο.
1005 3594 1100 3656 lta
1132 3593 1374 3678 prodest
1401 3594 1591 3657 utenti
1623 3614 1798 3654 coena
1824 3587 2096 3662 Domini,
2123 3610 2264 3650 eum

527 3674 714 3734 adfert
743 3676 1161 3755 poenitentiam
1192 3689 1254 3738 ct
1283 3676 1487 3748 fldem,
1514 3687 1576 3736 et
1612 3696 1731 3735 non
1772 3670 2010 3755 prodest
2039 3671 2092 3732 ei
2124 3672 2267 3733 alie·

2375 3565 2404 3787 1
