2418 4172
539 349 1024 406 CONFESSIO
1076 348 1626 404 HELVVETICA.
1866 353 1968 406 1oe

213 515 327 578 per
349 491 640 567 Verbum,
668 491 728 553 id
756 501 868 563 est,
894 490 1119 552 Filium
1155 511 1356 565 suum,
1383 491 1591 551 omnia
1630 512 1706 552 ex
1752 494 1960 566 nihilo,

212 576 300 637 sic
327 574 575 669 Spiritu,
602 572 1093 659 providentiaque
1136 593 1244 633 sua
1269 571 1457 652 juste,
1485 594 1739 653 vereque
1778 590 1836 634 et
1873 599 1961 636 sa-

209 657 585 742 pientissime
611 658 921 737 gubernet,
943 666 1155 728 servet,
1180 654 1379 716 foveat
1405 654 1628 716 omnia.

294 739 443 802 VII.
492 739 705 802 Homo
762 738 1194 823 perfectissima
1241 736 1361 798 Dei
1409 738 1472 798 in
1521 739 1689 797 terris
1740 738 1958 821 imago,

209 822 556 906 primasque
583 833 985 884 creaturarum
1017 819 1342 882 visibilium
1374 820 1621 894 babens,
1648 842 1722 880 ex
1758 825 1959 884 anima

209 914 276 967 et
312 926 386 968 oo
497 926 561 966 re
599 917 900 977 constans,
925 924 1185 986 quorum
1218 902 1335 964 boc
1364 903 1634 976 mortale,
1662 902 1811 964 illud
1847 904 1959 966 im-

210 926 611 1063 morta'it'eooet,
639 1009 780 1049 cum
822 999 978 1049 esset
1019 996 1223 1048 sancte
1267 1008 1302 1046 a
1338 985 1475 1047 Deo
1517 986 1812 1057 conditus,
1852 1009 1958 1049 sua

209 1070 392 1155 eulpa
415 1069 479 1132 in
509 1070 721 1133 vitium
749 1071 1084 1154 prolapsus,
1112 1068 1173 1130 in
1202 1067 1455 1130 eandem
1485 1090 1688 1130 secum
1722 1069 1952 1131 ruinam

208 1173 402 1237 genus
439 1152 774 1215 humanum
821 1165 1017 1215 totum
1057 1151 1258 1227 traxit,
1287 1174 1357 1214 ac
1393 1151 1588 1213 eidem
1631 1152 1955 1214 calamitati

209 1235 543 1299 obnoxium
571 1235 851 1298 reddidit.

292 1318 477 1381 vl11.
513 1319 719 1401 Atque
762 1318 895 1379 haec
939 1317 1085 1391 lues,
1115 1338 1297 1398 quam
1335 1316 1685 1400 originalem
1725 1331 1959 1394 vocant,

210 1421 403 1484 genus
428 1411 626 1464 totum
655 1401 742 1462 sic
770 1400 1044 1495 pervasit,
1074 1411 1144 1461 ut
1171 1399 1333 1461 nulla
1361 1422 1495 1484 ope,
1518 1401 1617 1462 irae
1647 1401 1824 1476 filius,
1848 1402 1959 1462 ini-

210 1482 526 1567 mimsque
559 1483 704 1558 Dei,
732 1484 847 1544 nisi
883 1483 1087 1544 divina
1120 1504 1230 1565 per
1255 1482 1588 1558 Christum,
1617 1485 1806 1545 curari
1847 1507 1958 1567 po-

209 1566 408 1628 tuerit.
491 1565 656 1627 Nam
697 1566 745 1626 si
830 1565 935 1626 uid
972 1566 1145 1626 bonae
1177 1565 1363 1647 frugis
1395 1566 1494 1626 bic
1521 1578 1820 1660 superstes
1848 1579 1958 1641 est,

207 1646 373 1709 vitii·
412 1648 630 1709 nostris
674 1647 790 1707 ass’
835 1669 912 1708 ue
959 1647 1341 1707 debilitatum
1399 1648 1463 1707 in
1520 1668 1691 1729 pejus
1747 1650 1956 1730 vergit.

206 1727 466 1814 Superat
491 1730 655 1791 enim
684 1729 829 1791 mali
855 1729 967 1803 vis,
984 1740 1045 1789 et
1071 1750 1185 1789 nec
1209 1729 1501 1789 rationem
1533 1734 1829 1812 persequi,
1850 1751 1961 1791 nec

207 1811 433 1875 mentis
455 1811 830 1875 divinitatem
861 1811 1135 1873 excolere
1164 1811 1324 1872 sinit.

290 1894 412 1958 IX.
455 1894 639 1958 Unde
687 1895 774 1956 sic
819 1894 1051 1956 homini
1095 1893 1348 1955 liberum
1396 1895 1704 1956 arbitrium
1750 1896 1960 1956 tribui-

208 1998 367 2053 mus,
392 1990 483 2052 ut,
509 1980 613 2060 qui
658 1978 911 2040 scientes
950 1989 1014 2038 et
1046 1978 1315 2038 volentes
1353 1999 1528 2057 agere
1567 1999 1674 2038 nos
1714 1979 1871 2038 bona
1900 1990 1961 2039 et

208 2060 367 2123 mala
407 2062 770 2144 experimur,
799 2061 959 2121 mala
997 2060 1242 2141 quidem
1286 2082 1460 2140 agere
1502 2072 1717 2142 sponte
1758 2073 1961 2123 nostra
2006 2071 2025 2091 ⁶

264 2208 267 2210 ,
368 2165 523 2218 mus,
549 2145 710 2205 bona
736 2165 878 2204 vero
905 2143 1188 2225 amplecti
1218 2155 1281 2203 et
1308 2144 1605 2224 persequi,
1627 2142 1739 2203 nisi
1769 2146 1960 2226 gratia

267 2226 436 2288 bristi
477 2225 776 2300 illustrati,
805 2226 1048 2287 excitati
1092 2237 1273 2306 atque
1317 2226 1583 2307 impulsi,
1611 2248 1733 2287 non
1778 2248 1961 2308 quea-

208 2329 364 2374 mus.
446 2308 621 2371 Deus
675 2309 843 2369 enim
892 2309 944 2369 is
996 2318 1107 2381 est,
1199 2308 1256 2368 ui
1315 2320 1597 2391 operatur
1652 2309 1712 2368 in
1765 2311 1957 2386 nobis,

212 2388 396 2454 Velle
431 2400 494 2453 et
523 2389 829 2474 perficere
852 2413 974 2474 pro
1011 2411 1126 2452 sua
1352 2389 1678 2452 voluntate.
1762 2391 1849 2453 Et
1881 2413 1957 2454 ex

205 2473 348 2536 Deo
373 2474 555 2548 salus,
581 2497 619 2535 e
645 2475 819 2535 nobis
846 2485 940 2535 est
966 2473 1242 2556 perditio.
1939 2485 1942 2489 '

286 2556 373 2620 X.
401 2557 608 2638 Hujus
643 2558 876 2639 generis
920 2556 1182 2617 hominis
1222 2556 1335 2617 hac
1373 2557 1552 2639 culpa
1585 2556 1957 2618 damnationi

207 2638 451 2714 addicti,
490 2653 556 2702 et
601 2639 1076 2723 indignationem
1115 2639 1348 2720 justam
1398 2640 1771 2714 incurrentis,
1810 2663 1960 2701 nun-

206 2743 392 2804 qnam
433 2735 639 2785 tamen
687 2746 896 2785 curam
945 2745 1149 2805 gerere
1190 2723 1363 2784 Deus
1409 2724 1585 2783 Pater
1627 2722 1843 2783 desiitz
1897 2723 1957 2784 id

208 2803 371 2886 qnod
407 2827 489 2867 ex
518 2806 727 2889 primis
771 2806 1288 2890 promissionibus,
1327 2806 1576 2887 legeque
1619 2816 1763 2878 tota,
1796 2810 1959 2885 (quae

210 2898 280 2948 ut
320 2900 526 2949 sancta
565 2900 628 2949 et
669 2890 828 2950 bona
868 2902 979 2963 est,
1006 2889 1228 2950 docens
1269 2911 1377 2948 nos
1407 2888 1527 2948 Dei
1568 2888 1959 2964 voluntatem,

199 2968 521 3048 justitiam,
562 2982 626 3032 et
663 2973 997 3046 veritatem,
1036 2972 1122 3032 ita
1160 2983 1440 3053 operatur
1483 2970 1656 3043 iram,
1688 2983 1961 3052 peccata-

211 3072 333 3133 que
361 3052 426 3113 in
453 3054 625 3115 nobis
653 3054 895 3128 excitat,
915 3077 1039 3115 non
1069 3053 1388 3135 extinguit,
1409 3075 1530 3113 non
1556 3074 1664 3113 suo
1689 3052 1958 3134 quidem,

211 3132 316 3195 sd
344 3146 548 3196 nostro
574 3137 765 3214 vitio,)
798 3149 862 3198 et
889 3161 922 3198 a
950 3137 1195 3198 Christo
1226 3137 1285 3197 in
1321 3137 1438 3197 hoc
1465 3135 1783 3208 destinato,
1805 3158 1959 3219 prae-

211 3216 474 3297 stitoque
580 3219 883 3300 rspicuum
914 3233 1024 3280 est.

293 3298 411 3360 xl.
543 3300 600 3361 ic
653 3300 950 3374 Christus,
1004 3322 1176 3361 verus
1230 3300 1351 3361 Dei
1405 3300 1612 3373 Filius,
1664 3321 1958 3384 verusque

211 3382 382 3449 Deus
419 3396 479 3444 et
523 3383 708 3443 homo
735 3404 926 3456 verus,
953 3404 1094 3443 cum
1112 3381 1292 3462 juxta
1320 3381 1685 3464 praefinitum
1716 3395 1959 3468 tempus

211 3465 522 3529 bominem
566 3476 762 3526 totum
810 3465 1011 3527 anima
1053 3475 1115 3525 et
1156 3486 1403 3547 corpore
1444 3476 1818 3528 constantem
1868 3490 1959 3529 as-

212 3550 585 3632 sumpsisset,
620 3548 684 3609 in
726 3571 846 3609 una
889 3546 1316 3629 individuaque
1359 3569 1611 3630 persona
1651 3547 1820 3623 duas,
1854 3551 1956 3612 sed

214 3630 630 3715 impermixtas
653 3644 915 3703 naturas,
936 3642 1003 3691 ut
1024 3630 1161 3691 vitae
1184 3641 1449 3692 mortuos
1473 3653 1580 3691 nos
1605 3631 1956 3703 restitueret,
1992 3692 2000 3696 .

1056 3734 1096 3772 Η
1131 3727 1165 3773 4

1659 3777 1692 3788 l
