2418 4172
930 303 1201 374 [κν]

149 467 339 532 quum
367 467 521 531 opus
549 445 720 507 foret.
794 445 888 507 Ad
914 445 1074 508 hanc
1095 466 1220 506 rem
1248 466 1283 504 a
1313 443 1654 505 civitatibus
1675 444 1898 508 Helve-

145 542 281 605 ticis
305 562 443 624 quae
461 539 828 624 jampridem
857 540 1192 603 doctrinam
1223 538 1542 621 Evangelii
1574 551 1743 599 erant
1770 562 1899 600 am-

145 638 362 746 Q,
384 637 550 699 missi
579 650 722 699 sunt
748 637 1048 699 Basileam
1084 635 1263 719 legati
1302 657 1380 697 ex
1419 634 1627 696 ordine
1667 649 1901 697 senato-

146 733 235 796 rio
261 733 372 795 viri
401 732 755 816 gravissimi,
786 746 964 814 atque
994 732 1344 815 Theologiae
1366 731 1664 792 Doctores
1693 742 1755 791 et
1783 731 1902 792 Ec-

145 832 461 895 clesiamm
507 831 772 892 Ministri
816 830 1093 913 Tigurini
1137 841 1198 891 et
1225 829 1561 890 Beruenses
1592 829 1895 911 praecipui.

144 928 356 1000 Quum
386 927 639 989 Basileoe
668 927 1109 1002 convenissent,
1130 926 1343 987 delecti
1367 925 1534 986 fuere
1554 924 1704 985 DD.
1727 924 1902 985 Hen-

143 1023 301 1087 ricus
356 1023 762 1107 BullingeruS,
819 1023 1116 1085 Osvaldus
1173 1022 1521 1106 Myconius,
1569 1033 1632 1082 et
1686 1020 1901 1081 Simon

146 1123 464 1208 Gryneus,
493 1122 598 1203 qui
628 1120 704 1182 de
732 1121 834 1182 illa
864 1143 926 1182 re
955 1132 1177 1182 certam
1210 1120 1595 1202 conciperent
1621 1119 1900 1179 formam.

147 1221 389 1284 Interea
405 1219 874 1303 Argentinenses
894 1218 1192 1300 Theologi
1223 1217 1306 1279 D.
1336 1217 1557 1300 Capito
1585 1229 1645 1278 et
1674 1217 1757 1279 D.
1776 1218 1903 1278 Bu-

145 1341 317 1384 oerus
344 1318 645 1381 Basileam
676 1317 986 1390 advenere,
1015 1328 1296 1399 rogantes
1340 1330 1409 1378 ut
1450 1317 1553 1379 illa
1586 1318 1903 1381 Confessio

146 1415 236 1479 sio
287 1413 859 1483 accommodaretur,
900 1424 969 1474 ut
1024 1413 1181 1474 inter
1231 1411 1531 1475 Ecclesias
1588 1415 1903 1477 sarciretur

146 1510 486 1585 eoncordia,
515 1509 688 1589 cujus
730 1521 879 1570 tunc
923 1530 1144 1589 magna
1178 1527 1315 1593 spes
1353 1511 1693 1591 affulgebat.
1780 1510 1903 1572 Ita-

145 1624 268 1690 que
299 1604 576 1668 omnium
615 1624 917 1665 consensu
946 1604 1168 1686 scriptia
1194 1604 1311 1665 fuit
1338 1604 1654 1666 Confessio
1682 1606 1901 1667 Latine

145 1713 208 1767 et
235 1699 615 1776 Germanice,
638 1712 820 1782 atque
840 1701 1102 1782 perlecta
1129 1701 1191 1761 in
1223 1713 1435 1762 senatu
1465 1722 1667 1761 coram
1697 1702 1902 1784 politi-

26 1790 35 1798 ’
144 1798 233 1862 cis
258 1797 492 1881 legatis,
521 1808 583 1859 et
610 1796 885 1857 omnium
917 1795 1217 1877 requisitae
1259 1798 1606 1857 sententiae:
1653 1798 1729 1857 ab
1771 1818 1903 1857 om·

145 1895 327 1977 mbus
346 1895 675 1979 approbata
695 1893 831 1968 fuit,
850 1914 1032 1974 quam
1057 1893 1271 1975 Legati
1296 1892 1753 1976 Magistratibus
1780 1893 1901 1954 suis

22 2016 26 2021 ·
144 1990 507 2054 detulerunt-
591 1989 812 2051 Mense
843 1989 1070 2051 Martio
1098 1990 1391 2072 sequenti,
1420 1989 1668 2051 comitia
1695 1990 1903 2051 civita-

146 2099 274 2151 tum
318 2087 621 2150 Helvetiae
662 2087 1140 2169 evangelicarum
1178 2087 1416 2148 Aroviae
1459 2087 1787 2148 celebrata:
1834 2086 1898 2145 in

146 2185 367 2267 quibus
394 2184 769 2267 significatur
801 2183 966 2245 illam
998 2184 1457 2245 Confessionem
1500 2186 1576 2246 ab
1615 2186 1901 2245 omnibus

147 2281 483 2345 Helveticis
530 2279 822 2342 Ecclesiis
867 2292 1170 2364 receptam
1230 2281 1430 2342 fuisse.
1516 2280 1668 2342 Inde
1719 2282 1901 2341 missa

145 2378 262 2441 fuit
288 2377 731 2460 Wittebergam
761 2399 869 2460 per
905 2375 1051 2438 DD.
1082 2376 1444 2460 Capitonem
1485 2391 1547 2438 et
1573 2378 1901 2450 Bucerum,

145 2474 251 2558 qui
280 2474 523 2536 undem
554 2474 903 2549 retulerunt,
925 2494 1055 2535 eam
1092 2497 1212 2535 non
1243 2474 1616 2558 displicuisse
1636 2474 1904 2536 Theolo-

145 2573 239 2658 gis
278 2572 886 2654 Wittebergensibus.
970 2573 1323 2662 Approbata
1373 2595 1615 2655 quoque
1664 2574 1782 2635 fuit
1838 2575 1900 2634 in

146 2669 509 2753 quibusdam
541 2669 939 2731 conventibus
968 2669 1263 2731 illustriss.
1291 2693 1605 2754 procerum
1649 2681 1710 2731 et
1743 2670 1903 2731 ordi-

145 2788 292 2829 num
324 2766 835 2828 Protestantium:
880 2766 1062 2848 idque
1104 2779 1402 2830 testantur
1441 2769 1628 2852 ipsius
1668 2769 1748 2830 D.
1778 2769 1904 2829 Lu-

143 2861 298 2924 theri
329 2861 403 2924 ad
435 2860 750 2923 Helvetios
780 2863 983 2924 literae.
1069 2864 1189 2924 Sed
1228 2886 1416 2946 quum
1459 2866 1560 2926 illa
1588 2864 1903 2925 Confessio

145 2952 379 3020 boevior
404 2970 579 3033 esset,
609 2959 974 3041 gravissimis
999 2960 1074 3021 de
1094 2962 1290 3022 causis
1320 2962 1654 3023 accuratius
1685 2962 1903 3045 scripta

146 3051 283 3126 fuit,
321 3074 482 3116 anno
527 3053 812 3116 Dominis
842 3054 1016 3117 1566.
1061 3056 1158 3117 cui
1209 3057 1508 3139 Tigurini,
1550 3058 1904 3131 Beruenses,

146 3147 561 3224 Schaffiisiani,
580 3151 1022 3234 Sangallenses,
1046 3153 1281 3228 Rhoeti,
1300 3154 1723 3237 Myllhusiani‚
1740 3153 1908 3214 Biel-

146 3243 360 3318 lenses,
382 3243 526 3305 item
555 3247 937 3309 Genevenses
967 3251 1465 3333 subscripserunt.
1536 3249 1812 3310 Eandem
1842 3262 1905 3311 et

146 3342 615 3423 comprobarunt
643 3341 931 3406 Ecclesiae
959 3345 1218 3428 Angliae,
1246 3347 1483 3420 Scotiae‚
1507 3345 1740 3421 Galliae,
1758 3346 1905 3408 Bel-

148 3438 254 3521 gii,
308 3460 558 3499 omnes:
617 3440 921 3501 Polonicae
979 3463 1239 3523 quoque,
1298 3443 1666 3527 Hungaricoe
1723 3455 1905 3526 atque

149 3535 532 3598 Germanicae
561 3535 852 3600 Ecclesiae
882 3538 1109 3600 multoe.
