2418 4172
435 334 538 389 178
1058 330 1540 386 CONFESSIO

432 486 495 536 et
535 484 845 545 conservat
886 484 1180 547 naturam,
1207 485 1410 535 tamen
1453 494 1631 539 causa
1671 473 1901 557 peccati
1944 483 2039 537 est
2069 494 2181 534 vo-

432 557 632 625 luntas
675 556 992 628 malorum,
1021 555 1297 619 videlicet
1326 553 1574 618 Diaboli
1611 567 1674 617 et
1712 556 2036 639 impiorum
2067 555 2185 618 bo-

433 639 693 714 minum,
736 660 870 720 quae
916 640 1129 701 avertit
1170 662 1232 701 se
1273 663 1308 700 a
1340 638 1479 701 Deo
1522 638 1597 701 ad
1641 639 1788 700 alias
1830 651 2177 712 res,contra

434 721 716 784 mandata
763 722 901 783 Dei.
989 722 1136 784 Ideo
1191 722 1471 785 Christus
1530 722 1728 802 inquit
1776 720 1852 782 de
1894 720 2177 795 Diabolo,

440 806 596 868 Cum
624 804 893 889 loquitur
919 806 1311 879 mendacium,
1342 826 1415 866 ex
1438 805 1707 887 propriis
1736 804 2024 888 loquitur.

1232 948 1359 1011 XX

436 1029 716 1125 QUOD
754 1049 1068 1110 adversarii
1110 1050 1503 1111 criminantur
1533 1070 1660 1122 nos,
1689 1049 1912 1132 negligi
1941 1071 1978 1111 a
2005 1047 2181 1110 nobis

432 1131 766 1193 doctrinam
816 1131 892 1191 de
938 1131 1111 1192 bonis
1159 1133 1460 1225 operibus,
1504 1131 1824 1192 manifesta
1875 1131 2182 1194 calumnia

432 1226 541 1276 est.
625 1213 862 1275 Extant
898 1214 1060 1274 enirn
1093 1212 1228 1274 libri
1258 1225 1617 1287 nostrorum,
1648 1214 1709 1273 in
1741 1213 1962 1293 quibus
1992 1214 2093 1296 pie
2116 1224 2185 1276 et

432 1295 659 1356 utiliter
687 1295 907 1356 docent
935 1295 1010 1356 de
1040 1296 1212 1355 bonis
1242 1295 1544 1378 operibus,
1565 1317 1703 1376 quae
1730 1316 1913 1376 opera
1940 1296 2006 1356 in
2032 1316 2184 1376 qna-

432 1377 580 1439 libet
618 1377 929 1439 vocatione
956 1377 1093 1437 Deo
1129 1378 1426 1459 placeant.
1510 1376 1792 1458 Cumque
1823 1377 1886 1438 in
1913 1375 2194 1440 ecclesiia

434 1482 724 1542 magnum
768 1459 910 1521 olim
958 1459 1136 1521 fuerit
1179 1461 1485 1522 silentium
1528 1458 1603 1521 de
1641 1459 1819 1542 praeci
1869 1459 1960 1521 uis
1986 1458 2190 1543 operi·

433 1544 566 1617 buS,
595 1543 823 1604 scilicet
861 1542 936 1603 de
978 1543 1277 1604 exercitiis
1316 1543 1477 1617 fidei,
1506 1554 1568 1607 et
1594 1542 1670 1603 de
1698 1544 1798 1604 lau
1840 1565 1875 1604 e
1906 1541 2184 1625 politico-

434 1647 567 1686 rum
627 1647 900 1707 opcrum,
942 1637 1003 1685 et
1060 1648 1278 1706 magna
1334 1648 1407 1686 ex
1467 1637 1636 1707 parte
1686 1638 2184 1689 consumerentur

433 1729 644 1769 omnes
689 1708 1006 1768 conciones
1051 1708 1114 1769 in
1159 1708 1433 1768 laudibus
1468 1707 1855 1769 traditionum
1889 1707 2183 1772 humana-

433 1811 592 1863 rum,
632 1789 691 1849 in
738 1790 919 1863 feriis,
950 1790 1219 1870 jejuniis,
1263 1790 1648 1865 monachatu,
1691 1789 2183 1866 fraternitatibus,

431 1872 1032 1967 peregrinationibus,
1059 1872 1226 1935 cultu
1269 1885 1634 1944 sanctorum,
1664 1873 1919 1945 rosariis,
1945 1884 2007 1933 et
2049 1873 2186 1942 aliia

434 1955 747 2017 inutilibus
776 1955 1036 2018 cultibus
1066 1954 1384 2017 ornandis:
1428 1977 1591 2016 nunc
1618 1954 1739 2015 Dei
1770 1955 2187 2017 beneficiore-

434 2049 680 2099 vocatur
709 2037 958 2098 ecclesia
988 2036 1061 2098 ad
1092 2058 1262 2098 veros
1290 2048 1350 2098 et
1378 2037 1556 2098 utiles
1586 2038 1803 2111 cultus,
1829 2058 1982 2118 quos
2007 2036 2184 2102 Den-

382 2126 389 2131 ’
480 2121 648 2182 robat
677 2132 738 2181 et
772 2119 1037 2200 requirit.
1125 2119 1439 2202 Prophetae
1477 2119 1842 2200 gravissimis
1880 2120 2189 2185 concioni-

433 2143 546 2263 bus
575 2202 889 2284 deplorant
920 2202 1075 2264 hanc
1104 2203 1373 2269 ecclesiae
1395 2202 1822 2277 calamitatem,
1844 2203 2008 2284 quod
2028 2203 2192 2268 vetis

434 2285 698 2347 cultibus
753 2285 1055 2360 extinctiS,
1098 2286 1158 2347 in
1217 2286 1464 2348 ecclesia
1519 2297 1852 2379 regnaturae
1902 2286 2025 2348 sint
2072 2286 2186 2349 hu·

434 2390 629 2429 manse
679 2368 1034 2429 ceremoniae
1079 2380 1141 2429 et
1186 2368 1373 2450 impia
1419 2367 1642 2429 fiducia
1688 2369 2188 2433 ceremoniarum.

434 2450 520 2511 Et
540 2452 615 2510 ab
647 2451 763 2511 hoc
789 2472 981 2511 errore
1010 2444 1290 2512 rev‘ocant
1319 2451 1633 2512 ecclesiam
1667 2450 1739 2512 ad
1770 2472 1942 2512 veroa
1965 2451 2196 2527 cultus,

435 2531 509 2592 ad
541 2555 673 2593 vere
714 2534 873 2593 bona
910 2554 1109 2614 opera.
1198 2532 1363 2601 Quid
1393 2545 1594 2617 potest
1621 2532 1744 2600 dici
1813 2533 2013 2597 ravim
2035 2556 2186 2599 con·-

434 2614 608 2675 cione
652 2615 751 2676 illa
796 2615 1016 2676 Psalmi
1048 2614 1194 2676 xlix.
1223 2615 1401 2677 Deus
1439 2616 1718 2680 Deorum
1931 2617 2062 2679 ‘nm
2099 2616 2186 2680 Io-

437 2705 612 2759 cutus
661 2706 768 2771 est,
811 2705 871 2758 et
915 2698 1148 2759 vocavit
1190 2706 1441 2759 terram.
1526 2698 1662 2761 Hic>
1693 2698 1867 2760 Deus
1906 2699 2203 2763 universo.

435 2779 636 2859 generi
680 2780 947 2843 humano
987 2779 1392 2856 concionatur,
1420 2780 1669 2843 damnat
1710 2782 2199 2850 ceremoniarum.

438 2861 745 2936 fiduciam,
789 2877 849 2925 et
891 2863 1038 2924 alios
1087 2863 1283 2925 cultus
1330 2864 1632 2947 proponit,
1674 2875 1735 2926 et
1778 2864 2080 2959 significat
2120 2887 2197 2929 se:

436 2944 609 3006 valde
655 2945 825 3014 irasci
869 2946 985 3020 his,
1012 2945 1117 3027 qui
1162 2947 1221 3007 in
1265 2947 1518 3009 ecclesia
1547 2948 1630 3010 ita
1658 2947 1991 3030 proedieant
2025 2970 2188 3011 cere-

437 3028 691 3102 monias,
734 3042 802 3092 ut
850 3049 1017 3091 veros
1073 3030 1272 3091 cultus
1327 3031 1603 3093 obruant.
1687 3030 1933 3093 Similes
1975 3042 2187 3097 unm

438 3110 644 3175 multae
681 3111 1001 3174 conciones
1030 3110 1090 3173 in
1121 3111 1452 3205 prophetis,
1483 3125 1550 3176 ut
1576 3112 1775 3176 Esaiae
1804 3113 1947 3177 lviii.
1974 3125 2039 3177 et
2061 3113 2186 3183 Za·-

437 3193 654 3265 cbariae
684 3193 782 3257 vii.
810 3205 873 3257 et
901 3194 1166 3257 Micbeae
1195 3216 1273 3256 vn.
1342 3194 1429 3257 Et
1455 3196 1645 3259 anas
1673 3196 1965 3273 clamitat,
1993 3195 2186 3261 ma·-

436 3275 770 3341 ricordiam
802 3275 955 3351 volo,
996 3299 1119 3340 non
1161 3278 1326 3342 sacri
1405 3279 1570 3350 ium3
1631 3287 1691 3342 et
1739 3280 2022 3350 notitia*
2051 3276 2184 3343 Μ

432 3356 574 3438 plus
616 3381 798 3442 quam
839 3359 1209 3424 holocausta.
1359 3384 1429 3424 ec
1466 3362 1787 3426 obsera-um
1818 3358 2193 3437 manuleo·

441 3439 627 3501 bonos
672 3454 730 3502 et
769 3442 979 3505 doctos
1010 3443 1164 3504 viros
1193 3443 1373 3505 etiam
1408 3456 1547 3506 ante
1578 3445 1733 3507 banc
1758 3454 1994 3506 etatem
2024 3440 2181 3503 desi·

439 3521 672 3583 derasae
720 3524 1053 3586 doctrinam
1105 3525 1181 3586 de
1224 3526 1631 3589 consolatione
1677 3523 2175 3588 conscientiarum

438 3613 503 3662 et
527 3602 602 3664 de
630 3627 880 3686 operum
907 3606 1252 3671 discrimine
1278 3608 1608 3672 meliorem.
1688 3605 1898 3669 neb-t
1920 3606 2186 3674 enimin
