2418 4172
809 348 1357 402 HELVETICA.
1887 349 1951 403 71

198 493 506 576 jicitialiis
545 493 605 552 in
644 513 784 553 suos
824 491 1127 564 humeros,
1160 488 1262 549 sed
1304 500 1496 549 servat
1534 500 1595 548 et
1631 489 1818 548 utitur
1854 488 1957 550 ad-

212 578 353 639 hue·
380 586 676 660 potestate
725 596 850 647 sua,
899 574 1238 655 gubernans
1285 571 1505 631 omnia.
1593 570 1730 629 Alia
1780 593 1954 711 ζου-ο

209 670 473 743 potestas
513 669 603 719 est
641 656 819 720 officii
861 655 950 715 vel
994 653 1415 727 ministerialis,
1450 652 1705 712 limitata
1747 674 1780 711 a
1860 674 1952 725 e0,

209 741 314 823 qui
364 742 544 824 plena
594 740 782 800 utitur
828 749 1140 822 potestate.
1227 736 1320 798 Ea
1379 735 1726 808 ministerio,
1770 755 1952 815 quam

210 824 464 919 imperio
501 822 754 883 similior
780 834 887 882 est.
974 819 1270 880 Concedit
1306 818 1465 879 enim
1502 817 1806 877 Dominus
1846 817 1957 876 ali-

209 927 346 988 quis
402 926 725 966 oeconomo
774 926 883 964 suo
931 914 1290 985 potestatem
1343 902 1406 962 in
1457 900 1710 960 domum
1763 921 1955 973 suam,

209 1009 334 1070 quo
360 987 610 1049 nomine
638 998 701 1047 et
729 987 922 1047 claves
952 985 1072 1059 dat,
1103 985 1323 1066 quibus
1363 983 1728 1044 intromittat
1757 982 1820 1042 in
1852 981 1957 1042 do-

210 1089 405 1145 mum,
431 1070 524 1131 vel
569 1091 643 1130 ex
681 1068 865 1130 domo
894 1067 1197 1139 excludat,
1227 1089 1378 1148 quos
1407 1066 1714 1127 Dominus
1743 1065 1834 1125 vel
1866 1065 1959 1125 in-

209 1153 465 1215 tromitti
496 1153 626 1212 vult
663 1152 755 1212 vcl
801 1151 1059 1212 excludi.
1143 1150 1337 1210 Juxta
1382 1149 1536 1210 hanc
1579 1159 1957 1231 potestatem,

209 1234 356 1299 facit
395 1235 670 1297 minister
697 1256 771 1295 ex
811 1234 1028 1307 offici0,
1057 1233 1218 1314 quod
1259 1255 1291 1292 a
1330 1232 1603 1292 Domino
1630 1231 1837 1311 jussus
1866 1242 1959 1291 est

211 1318 432 1389 facere3
462 1330 523 1379 et
546 1317 853 1377 Dominus
884 1328 1079 1376 ratum
1114 1316 1312 1388 babet,
1341 1314 1501 1395 quod
1533 1314 1697 1387 facit,
1729 1314 1959 1395 ipsum-

211 1422 333 1483 que
370 1400 630 1461 ministri
671 1399 761 1460 sui
793 1399 1020 1459 factum
1062 1397 1310 1480 perinde
1341 1411 1408 1457 ut
1437 1419 1614 1457 suum
1648 1397 1776 1456 vult
1802 1396 1960 1457 oesti·

211 1483 361 1546 mari
405 1495 588 1563 atque
629 1483 889 1563 agnosci.
976 1482 1117 1549 Quo
1161 1481 1447 1540 nimirum
1494 1479 1799 1562 pertinent
1841 1478 1960 1540 illae

209 1565 569 1647 evangelicae
611 1563 945 1636 sententiae,
975 1563 1157 1623 Dabo
1195 1563 1308 1623 tibi
1346 1561 1546 1623 claves
1572 1563 1752 1644 regni
1785 1560 1961 1622 coelo-

207 1668 366 1720 rum,
395 1655 475 1722 et,
501 1645 793 1728 quicquid
826 1645 1188 1727 alligaveris
1227 1652 1337 1704 aut
1372 1643 1624 1704 solveris
1667 1645 1734 1703 in
1771 1651 1960 1715 terra,

208 1728 535 1813 alligatum
580 1737 689 1789 aut
731 1727 999 1788 solutum
1044 1727 1161 1787 erit
1201 1726 1264 1786 in
1304 1724 1486 1786 ecelis.
1573 1725 1755 1798 Item,
1789 1724 1957 1789 Quo-

208 1831 585 1892 roemcunque
624 1810 982 1872 remiseritis
1012 1813 1289 1890 peccata,
1330 1809 1721 1868 remittentur
1757 1808 1858 1881 eis,
1901 1815 1963 1867 et

409 1914 705 1975 mamque
745 1893 1125 1954 retinueritis
1159 1899 1434 1972 peccata,
1477 1899 1716 1952 retenta
1762 1899 1959 1950 erunt.

276 1977 347 2038 isi
377 1998 517 2038 vero
555 1976 830 2036 minister
868 1998 961 2035 res
1002 1997 1215 2035 omnes
1262 1974 1347 2034 ita
1388 1973 1776 2056 expediverit,
1805 1974 1963 2033 sicut

200 2059 407 2139 jussus
444 2070 535 2120 est
574 2082 608 2118 a
646 2058 922 2119 Domino
962 2081 1089 2131 sue,
1117 2057 1220 2117 sed
1265 2057 1487 2117 limites
1531 2056 1670 2116 fidei
1701 2056 1963 2117 transili-

210 2142 344 2217 erit,
386 2164 530 2203 sane
586 2141 820 2201 irritum
873 2142 1129 2201 habetur
1177 2163 1211 2199 3
1259 2138 1535 2199 Domino
1585 2139 1749 2219 quod
1798 2138 1960 2199 fecit.

212 2224 470 2286 Proinde
496 2236 761 2318 potestas
790 2222 1191 2285 ecclesiastica
1231 2222 1644 2282 ministrorum
1675 2221 1961 2292 ecclesiae,

210 2318 304 2369 est
328 2307 563 2368 functio
604 2306 726 2380 illa,
754 2328 875 2386 qua
916 2306 1177 2366 ministri
1221 2305 1535 2365 ecclesiam
1579 2304 1699 2364 Dei
1743 2305 1962 2385 guber-

211 2401 363 2452 nant
402 2388 671 2470 quidem,
701 2410 909 2449 verum
953 2387 1161 2448 omnia
1195 2387 1260 2447 in
1297 2387 1550 2447 ecclesia
1588 2387 1674 2447 sic
1710 2386 1960 2461 faciunt,

210 2470 727 2556 quemadmodum
784 2472 969 2533 verbo
1026 2492 1136 2530 suo
1198 2470 1563 2552 praescripsit
1617 2469 1957 2529 Dominus:

209 2577 347 2638 quae
381 2577 527 2617 cum
571 2554 730 2615 facta
772 2564 933 2628 sunt,
963 2552 1170 2613 fideles
1210 2564 1501 2632 tanquam
1541 2553 1617 2612 ab
1660 2552 1793 2634 ipso
1826 2552 1959 2612 Do-

210 2638 381 2700 mino
407 2637 564 2699 facta
590 2647 891 2719 reputant.
977 2637 1062 2697 Et
1088 2635 1164 2696 de
1197 2635 1484 2709 clavibus,
1513 2645 1688 2695 antea
1717 2657 1961 2715 quoque

210 2721 445 2782 dictum
475 2731 568 2781 est
594 2720 896 2782 nonnihil.

292 2802 458 2865 Data
483 2814 575 2864 est
595 2815 798 2864 autem
828 2804 1114 2864 omnibus
1143 2803 1208 2862 in
1237 2802 1488 2863 ecclesia
1518 2802 1808 2861 ministris
1838 2823 1959 2861 una

211 2896 275 2947 et
315 2886 563 2967 aequalis
607 2896 871 2969 potestas
918 2886 1042 2946 sive
1086 2885 1337 2946 functio.
1424 2884 1604 2943 Certe
1649 2885 1725 2943 ab
1764 2884 1960 2957 initio,

211 2968 478 3052 episcopi
525 2969 618 3029 vel
670 2969 1000 3052 presbyteri
1051 2968 1366 3029 ecclesiam
1419 2965 1728 3027 communi
1776 2988 1959 3048 opera

73 3032 115 3069 ⁹
213 3051 731 3134 gubernaverunt;
782 3052 982 3113 nullus
1032 3051 1199 3111 alteri
1253 3073 1315 3111 se
1368 3048 1652 3132 praetulit,
1695 3060 1800 3108 aut
1842 3049 1958 3109 sibi

214 3133 568 3215 ampliorem
611 3146 971 3216 potestatem
1014 3133 1433 3195 dominiumve
1471 3133 1531 3192 in
1572 3131 1848 3212 coepisco

214 3215 541 3298 usurpavit.
628 3217 936 3278 Memores
975 3217 1139 3277 enim
1170 3217 1487 3276 verborum
1519 3213 1796 3285 Domini,
1831 3153 1961 3279 32:

213 3297 474 3360 voluerit
520 3298 681 3358 inter
720 3319 828 3359 vos
869 3299 1114 3383 primus
1172 3319 1317 3371 esse,
1357 3299 1440 3357 sit
1486 3303 1688 3356 vester
1727 3316 1959 3371 servus,

214 3380 643 3443 continuerunt
680 3403 743 3440 se
779 3380 845 3440 in
887 3379 1249 3452 humilitate,
1277 3391 1339 3439 et
1369 3378 1596 3438 mutuis
1625 3376 1838 3439 officiis
1855 3378 1961 3459 ju-

213 3475 431 3524 verunt
474 3484 538 3524 se
586 3463 846 3523 invicem
898 3462 961 3522 in
1012 3459 1402 3543 gubernanda
1449 3472 1511 3521 et
1553 3462 1962 3523 conservanda

216 3545 483 3607 ecelesia.
554 3546 791 3607 Interea
818 3555 1064 3639 propter
1090 3543 1363 3605 ordinem
1394 3542 1775 3618 servandum,
1803 3566 1960 3606 unus

218 3640 323 3690 aut
363 3641 559 3691 certus
602 3629 817 3709 aliquis
862 3627 1295 3702 ministrorum,
1322 3637 1550 3688 coetum
1596 3629 1964 3702 convocavit,
2006 3688 2013 3692 ,

1055 3730 1088 3770 F
1118 3723 1154 3770 4

1673 3776 1707 3788 l
