2418 4172
512 364 622 422 378
1111 364 1668 420 CATECHESIS

412 545 423 553 ·
511 528 633 568 non
657 506 851 569 solum
881 515 951 568 ut
979 527 1086 567 nos
1110 505 1341 582 doceat,
1359 504 1876 588 quemadmodum
1898 507 2102 572 sordes
2124 530 2256 572 cor-

510 589 672 672 poris
714 611 870 670 aqua
957 600 1280 671 urgantur3
1325 589 1411 650 sic
1453 601 1703 672 peccata
1737 600 1938 650 nostra
1964 592 2257 686 sanguine

510 683 573 734 et
601 672 829 755 Spiritu
859 612 1083 732 Ciiristi
1113 672 1342 755 expiari
1363 683 1423 732 ¹¹:
1467 693 1672 732 verum
1715 671 1910 732 multo
1948 693 2008 733 m
2111 695 2160 746 ι,
2187 683 2259 735 ut

510 755 684 816 nobis
726 755 843 816 hoc
876 753 1083 815 divino
1112 755 1392 836 symbolo
1420 776 1490 814 ac
1519 754 1769 837 pignore
1797 765 2028 816 certum
2155 755 2259 831 ἐή,

510 858 619 898 nos
646 859 768 899 non
800 837 999 898 minus
1030 859 1164 898 vere
1194 860 1229 898 a
1257 836 1517 920 peccatis
1542 837 1756 898 nostris
1780 836 2013 898 interna
2033 837 2260 900 lotione

510 919 693 993 ablui,
720 942 901 1001 quam
934 931 1179 980 externa
1207 933 1269 980 et
1296 918 1515 979 visibili
1548 940 1703 1000 aqua
1733 919 1920 980 abluti
1953 941 2163 982 sumus
2181 929 2233 983 ⁰.

593 1012 692 1078 74.
726 1002 988 1063 Sunt-ne
1014 1003 1199 1063 etiam
1227 1000 1496 1086 iffantes
1524 1001 1879 1082 baptizandi
1902 1003 1942 1062 Ρ

592 1084 906 1145 Omnino:
951 1083 1114 1143 Nam
1153 1105 1292 1144 cum
1327 1106 1499 1164 aeque
1527 1095 1708 1163 atque
1736 1083 1923 1145 adulti
1952 1083 2027 1146 ad
2057 1082 2257 1146 foedus

508 1177 572 1227 et
599 1165 935 1227 Ecclesiam
967 1164 1086 1225 Dei
1118 1165 1456 1246 pertineant
1474 1177 1539 1235 1’3
1583 1187 1848 1246 cumque
1874 1166 1961 1227 eis
2122 1188 2260 1229 san·

553 1249 757 1309 uinem
801 1246 1047 1321 Christi,
1080 1247 1353 1307 remissio
1395 1258 1775 1329 peccatorum
1807 1258 1855 1322 q,
1894 1258 1957 1308 et
1988 1188 2258 1341 ἓῗίήωο

507 1270 764 1391 {anctus
804 1329 943 1390 fidei
974 1330 1234 1403 effector,
1261 1351 1383 1390 non
1414 1328 1617 1389 minus
1646 1350 1830 1410 quam
1870 1328 2091 1391 adultis
2123 1352 2260 1412 pro-

507 1412 857 1482 mittatur'3
900 1434 1008 1495 per
1045 1413 1417 1495 baptismum
1461 1411 1752 1472 Ecclesiae
1793 1410 1915 1472 Dei
1959 1410 2259 1474 inserendi

506 1505 666 1568 sunt,
694 1505 755 1554 et
783 1495 859 1554 ab
888 1493 1225 1556 infidelium
1255 1493 1456 1555 liberis
1485 1493 1861 1555 discernendi
1880 1505 1920 1569 ⁸,
1946 1494 2159 1556 itidem
2187 1505 2261 1557 ut

505 1577 568 1638 in
598 1577 802 1638 Veteri
829 1577 1082 1638 Foedere
1111 1600 1219 1660 per
1246 1576 1769 1639 circumcisionem
1800 1577 1986 1639 fiebat
2001 1581 2039 1653 ὓ,
2064 1575 2164 1640 cui
2193 1574 2259 1639 in

504 1659 686 1722 Novo
716 1660 970 1723 Foedere
998 1660 1358 1722 substitutus
1388 1671 1481 1720 est
1506 1660 1847 1743 baptismus
1866 1670 1913 1720 ¹¹.

959 1974 1084 2037 DE
1124 1973 1400 2037 COENA
1439 1975 1796 2038 DOMINI.

584 2087 688 2154 75.
736 2078 882 2144 Qua
922 2077 1163 2139 ratione
1203 2077 1269 2138 in
1311 2098 1483 2139 coena
1524 2077 1781 2140 Domini
1821 2074 2164 2138 admoneris
2196 2084 2257 2139 et

503 2183 612 2222 con
665 2161 907 2234 νηιανίε,
929 2169 990 2223 te
1016 2159 1181 2221 unici
1208 2158 1380 2221 illius
1403 2161 1572 2222 sacri
1661 2161 1699 2221 'i
1729 2159 1960 2221 Christi
1984 2159 2052 2220 in
2078 2180 2258 2222 cruce

501 2245 574 2304 ob
641 2245 710 2318 ti,
771 2251 957 2327 atque
1020 2243 1284 2305 omnium
1347 2242 1479 2325 ejus
1577 2264 1828 2305 cnorum
1885 2242 2257 2325 participem
2411 2252 2418 2327 ᾗ

504 2348 631 2388 esse
651 2328 689 2387 ‚9
962 2367 966 2370 »

586 2408 766 2478 Quod
812 2408 1090 2469 Christus
1141 2430 1239 2469 me
1286 2418 1468 2490 atque
1513 2429 1723 2468 omnes
1769 2406 1976 2468 fideles
2016 2406 2095 2468 de
2137 2406 2256 2479 boc

502 2492 690 2552 fracto
740 2514 895 2574 pane
945 2490 1139 2564 edere,
1181 2501 1243 2551 et
1286 2490 1362 2551 de
1408 2490 1630 2571 poculo
1678 2488 2000 2550 distributo
2047 2489 2254 2550 bibere
2406 2506 2418 2600 ε

493 2573 695 2654 jussit,
718 2573 781 2633 in
812 2573 904 2633 sui
938 2573 1314 2646 memoriam,
1335 2571 1551 2633 additis
1578 2571 1669 2632 his
1692 2571 2004 2655 promissis
2026 2582 2091 2632 ¹:
2133 2570 2258 2654 pri·

504 2678 697 2730 mum,
726 2677 942 2737 corpus
973 2676 1148 2715 suum
1183 2677 1300 2715 non
1331 2654 1530 2714 miuus
1554 2665 1718 2715 certo
1738 2675 1848 2737 pro
1872 2653 2055 2715 mein
2075 2674 2253 2715 cruce

499 2739 774 2800 oblatum
818 2759 890 2798 ac
931 2737 1207 2812 fractum,
1249 2737 1726 2830 sanguinemque
1776 2758 1952 2797 suum
2044 2757 2111 2797 ro
2152 2756 2253 2797 me

502 2821 707 2883 fusum
763 2842 926 2890 esse;
984 2840 1167 2900 quam
1225 2819 1415 2880 oculis
1473 2841 1669 2893 cern0,
1716 2840 1936 2902 panem
1993 2758 2252 2880 Bomini
2287 2847 2290 2849 >

503 2903 653 2964 mihi
677 2902 892 2985 frangi,
912 2913 972 2962 et
993 2901 1280 2985 poculum
1308 2901 1459 2962 mihi
1484 2901 1949 2963 communicari:
1987 2899 2253 2974 Deinde,
2292 2922 2302 2939 ·

503 2986 770 3047 animam
797 3006 994 3046 meam
1019 3006 1141 3045 non
1166 2984 1364 3045 minus
1393 2995 1557 3045 certo
1585 2984 1774 3067 ipsius
1800 3005 2068 3068 corpore,
2084 2981 2250 3064 quod

502 3090 612 3151 pro
641 3068 814 3129 nobis
845 3066 1221 3141 crucifixum,
1249 3079 1311 3127 et
1340 3067 1649 3149 sanguine,
1678 3067 1781 3148 qui
1812 3089 1922 3161 pro
1952 3066 2125 3128 nobis
2157 3064 2253 3128 fu-

502 3172 607 3219 sus.
631 3161 742 3226 est,
769 3149 843 3212 ad
875 3150 1058 3211 vitam
1090 3160 1373 3210 aeternam
1406 3150 1482 3210 ab
1510 3149 1643 3232 ipso
1677 3171 1876 3231 pascu
1919 3170 2105 3231 quam
2141 3169 2252 3232 pa-

569 3313 1075 3392 ΙΙΑρο<1.ἱ.5.οινίἰ.
1104 3330 1178 3377 14.
1272 3313 1620 3364 icor.vi.11.
1823 3313 2142 3364 ‘’ani.
2172 3313 2247 3364 16.

503 3381 613 3431 Gal.
638 3380 703 3430 iii.
737 3396 812 3444 ¹7·
949 3389 972 3423 Ρ
1002 3383 1127 3432 Gen.
1144 3380 1248 3430 xvii.
1278 3394 1322 3443 7.
1459 3390 1481 3422 ⁸⁸
1517 3382 1663 3430 Matt-
1682 3379 1773 3431 xix.
1805 3397 1876 3444 14.
2014 3388 2033 3414 ·’
2068 3380 2188 3449 Luc.
2212 3378 2244 3428 ἰ.

511 3463 586 3510 ¹4·
618 3463 690 3513 ¹5·
754 3447 875 3497 Psal.
900 3448 1009 3497 xxii.
1045 3464 1117 3498 ιο.
1178 3448 1266 3497 lna.
1283 3448 1387 3496 xliv.
1417 3464 1457 3506 1,
1483 3464 1528 3506 2,
1546 3463 1591 3511 3.
1650 3450 1755 3499 Act.
1781 3447 1828 3497 ii.
1850 3464 1931 3514 39·
2021 3453 2039 3478 ⁸
2069 3447 2242 3496 Acta.

503 3529 583 3576 47.
688 3517 703 3546 ⁸
739 3517 862 3565 Gen.
884 3515 988 3564 xvii.
1014 3531 1085 3577 ¹4·
1191 3525 1213 3547 ¹·
1233 3515 1415 3564 Coloss.
1435 3514 1480 3564 ii.
1508 3531 1583 3573 11,
1611 3531 1684 3573 11.
1714 3531 1787 3578 13.
1903 3522 1925 3546 ¹
1955 3513 2099 3564 Matt-
2124 3514 2241 3561 uvi.

510 3582 589 3636 26,
615 3596 693 3644 27,
715 3584 790 3631 28.
862 3583 1010 3631 Marc.
1037 3582 1126 3631 xiv.
1158 3599 1235 3639 αι,
1258 3597 1335 3645 23·
1361 3598 1436 3645 ²4·
1499 3582 1613 3632 Luc.
1641 3581 1743 3633 xxii.
1769 3597 1843 3646 ¹9·
1865 3597 1940 3631 ao.
2020 3595 2037 3628 1
2065 3579 2176 3629 Cor.
2194 3597 2239 3630 x.

515 3645 587 3702 16,
620 3660 759 3709 17.ct
783 3647 844 3697 xi.
876 3663 952 3710 23,
984 3664 1060 3709 ²4.
1090 3661 1232 3711 25.et
1256 3648 1331 3698 xii.
1361 3664 1431 3711 ¹3·
