2418 4172
395 371 501 424 DE
540 369 826 423 DIVINA
867 366 1655 422 PRAEDESTINATIONE.
1803 370 1909 423 413

260 602 389 656 avit
432 595 497 655 in
535 593 702 655 coelis
747 595 812 655 in
855 592 1096 654 Clu-isto
1124 591 1321 660 Jesu3
1369 598 1429 651 et
1468 597 1631 649 osten
1677 600 1804 651 eret
1848 594 1910 653 in

166 675 387 739 seculis
431 675 992 758 supervenientibus
1032 674 1542 755 supereminentes
1589 670 1732 731 illas
1775 694 1914 754 opes

167 779 292 820 Μ
312 760 555 843 gratim,
574 779 695 839 pro
720 778 835 818 sua
864 776 1015 838 erga
1040 776 1148 815 nos
1169 755 1544 836 benignitate
1572 753 1634 812 in
1668 753 1912 815 Christo

165 840 342 903 Jesu.
436 840 666 902 Gratia
693 838 849 898 enim
880 837 1023 897 estis
1052 837 1283 898 servati
1300 834 1642 917 perfidem,
1674 838 1761 910 (et
1803 838 1914 899 hoc

167 945 286 985 non
328 943 403 984 ετ
440 921 624 993 vobis,
653 918 781 981 Dei
822 919 1041 979 donum
1079 923 1212 997 est,)
1245 939 1363 978 non
1404 940 1476 978 ex·
1512 918 1809 998 operibus,
1843 929 1913 980 ut

167 1025 246 1067 ne
271 1000 411 1089 quis
429 1002 752 1086 glorietur.
784 1000 1008 1085 Ephes.
1007 1022 1099 1141 x171
1131 1012 1314 1075 3—9.

252 1168 375 1240 Qui
397 1168 637 1243 docent,
659 1166 1079 1228 “Electionem
1105 1165 1499 1249 singularium
1522 1187 1908 1248 personarum

169 1261 208 1292 “
236 1252 313 1315 ad
361 1252 637 1327 salutem,
676 1250 1106 1333 incompletam
1153 1260 1215 1309 et
1261 1271 1382 1309 non
1424 1249 1909 1331 peremptoriam,

167 1341 206 1371 “
234 1334 456 1396 factam
492 1356 621 1395 esse
658 1355 733 1395 ex
773 1332 1028 1415 praevisa
1066 1331 1202 1405 fide,
1237 1331 1661 1425 resipiscentia,
1691 1331 1914 1391 sancti-

170 1423 361 1478 “tate
416 1427 478 1478 et
532 1417 755 1499 pietate
814 1415 1110 1487 inchoata,
1142 1426 1244 1475 aut
1294 1413 1664 1495 aliquamdiu
1722 1414 1913 1474 conti-

169 1508 208 1538 “
237 1510 453 1561 nuata:
495 1498 859 1581 completam
891 1518 1030 1556 vero
1058 1508 1122 1557 et
1148 1497 1611 1580 peremptoriam
1652 1517 1728 1555 ex
1762 1518 1913 1578 proe-

167 1589 207 1620 “
232 1581 373 1643 visoe
423 1580 584 1653 fidei,
640 1579 1083 1662 resipiscentiae,
1138 1578 1488 1650 sanctitatis,
1544 1589 1606 1638 et
1672 1578 1912 1660 pietatis

168 1671 209 1703 ‘⁶
236 1663 402 1726 finali
525 1660 919 1722 rseverantia:
977 1672 1039 1720 et
1089 1660 1245 1721 hanc
1293 1682 1422 1720 esse
1477 1659 1798 1739 gratiosam
1851 1672 1913 1720 et

167 1753 207 1785 ‘⁶
233 1765 462 1827 evange
485 1744 640 1804 icam
683 1742 1061 1824 dignitatem,
1089 1752 1332 1824 propter
1373 1763 1556 1821 quam
1597 1741 1702 1821 qui
1740 1741 1908 1822 eligi-

167 1835 208 1870 “
234 1838 334 1890 tur
372 1825 611 1910 dignior
653 1825 730 1885 sit
771 1824 874 1886 illo
917 1824 1020 1905 qui
1065 1846 1186 1884 non
1230 1823 1508 1904 eligitur:
1553 1845 1623 1883 ac
1663 1822 1912 1905 proinde

166 1917 207 1952 ‘⁸
231 1908 439 1983 fldem,
486 1907 626 1968 fidei
683 1906 1112 1980 obedientiam,
1157 1906 1556 1979 sanctitatem,
1605 1906 1913 1987 pietatem,

170 2000 208 2029 ‘⁴
233 2002 297 2053 et
342 1989 840 2074 perseverantiam
887 2011 1007 2048 non
1055 2010 1184 2048 esse
1231 1988 1459 2048 fructus
1504 1988 1626 2047 sive
1668 1988 1912 2049 effectus

170 2081 208 2111 “
237 2072 545 2135 electionis
588 2070 984 2132 immutabilis
1035 2070 1110 2130 ad
1159 2070 1431 2151 gloriam,
1474 2072 1579 2129 sed
1621 2070 1913 2130 conditio-

170 2165 212 2195 “
237 2178 363 2230 nes,
390 2165 454 2216 et
480 2176 718 2215 caussas
748 2153 877 2213 sine
910 2152 1129 2233 quibus
1160 2174 1300 2226 non,
1329 2152 1390 2211 in
1429 2151 1915 2232 eligendis‘com-

170 2247 210 2276 “
237 2238 397 2322 plete
480 2235 894 2316 raerequisitas,
928 2246 990 2295 et
1027 2234 1326 2327 praevisas,
1353 2244 1642 2314 tanquam
1685 2235 1913 2316 proesti-

170 2329 211 2359 ‘⁶
238 2320 379 2381 tas?
437 2258 521 2379 ἵά
564 2317 726 2398 quod
770 2317 882 2378 toti
912 2317 1235 2399 Scripturoe
1272 2338 1334 2376 re
1378 2328 1585 2398 ugnat,
1614 2338 1748 2397 quoe
1783 2317 1914 2377 haec

169 2414 234 2464 et
258 2402 374 2463 alia
399 2400 561 2461 dieta
588 2399 810 2486 passim
843 2399 1083 2459 auribus
1112 2410 1174 2459 et
1201 2339 1480 2459 cordibus
1502 2399 1719 2460 nostris
1747 2399 1913 2480 inge-

168 2484 278 2546 rit:
327 2481 568 2546 Electio
614 2503 731 2542 non
781 2489 872 2543 est
920 2502 994 2542 ex
1037 2481 1338 2562 operibus,
1375 2480 1486 2542 sed
1528 2502 1602 2540 ex
1643 2490 1911 2542 vocante.

164 2566 351 2628 Rom.
381 2566 462 2627 ix.
497 2578 522 2626 l
539 2577 590 2625 1.
627 2563 967 2625 Credebant
1002 2572 1293 2656 quotquot
1329 2563 1598 2624 ordinati
1625 2572 1806 2624 erant
1833 2564 1917 2624 ad

166 2650 357 2711 vitam
400 2656 704 2709 oetemam.
731 2647 936 2707 Actor.
965 2646 1088 2707 xiii.
1118 2658 1218 2708 48.
1286 2645 1504 2728 Elegit
1548 2666 1657 2706 nos
1703 2647 1767 2706 in
1822 2668 1913 2707 se-

169 2732 423 2828 metipso
452 2738 527 2791 ut
558 2729 756 2790 sancti
783 2750 1060 2790 essemus.
1089 2721 1315 2812 Ephes.
1348 2729 1384 2788 i.
1415 2742 1475 2789 4.
1517 2728 1661 2788 Non
1689 2750 1794 2789 vos
1818 2750 1913 2789 me

170 2812 463 2896 elegistis,
509 2811 620 2872 sed
661 2832 775 2893 ego
824 2810 983 2893 elegi
1026 2833 1146 2873 voS.
1186 2811 1411 2871 Johan.
1438 2831 1534 2869 xv.
1563 2809 1653 2870 16.
1721 2810 1793 2870 Si
1840 2832 1913 2871 ex

166 2896 404 2979 gratia,
431 2915 554 2954 non
578 2914 652 2954 eoe
757 2893 975 2953 eribus.
1006 2893 1188 2954 Rom.
1210 2892 1291 2953 xi.
1320 2891 1380 2952 6.
1426 2893 1501 2951 In
1530 2892 1640 2952 boc
1660 2900 1751 2952 est
1772 2892 1911 2953 cha·

168 2979 347 3049 ritas,
388 2998 511 3037 non
555 2997 671 3059 quo
759 2996 869 3036 nos
913 2974 1313 3036 dilexerimus·
1345 2974 1571 3049 Deum,
1605 2975 1716 3034 sed
1752 2977 1917 3057 quod

171 3061 303 3142 ipse
331 3058 544 3121 dilexit
571 3078 697 3132 nos,
726 3052 994 3119 et‘misit
1020 3058 1248 3119 Filium
1286 3078 1480 3118 suum.
1516 3067 1542 3116 l
1576 3056 1802 3118 Johan.
1833 3058 1911 3119 iv.

180 3155 272 3204 ιο.

987 3222 1097 3284 VI.

256 3306 378 3375 Qui
421 3304 660 3377 docent,
701 3311 737 3340 “
759 3303 902 3364 Non
946 3326 1193 3366 omnem
1237 3304 1593 3365 electionem
1636 3303 1708 3365 ad
1756 3306 1911 3367 salu-

162 3397 207 3433 ·“
233 3400 359 3450 tem
389 3386 834 3448 immutabilem
863 3409 1012 3457 esse,
1034 3386 1138 3447 sed
1159 3385 1451 3467 quosdam
1482 3387 1723 3461 electos,
1743 3388 1911 3450 nullo

153 3479 211 3510 J‘
234 3471 356 3534 Dei
412 3470 653 3531 decreto
708 3469 1003 3543 obstante,
1048 3469 1238 3551 perire
1286 3491 1460 3552 posse
1510 3480 1573 3529 et
1618 3480 1908 3532 aeternum

171 3562 210 3592 “
235 3554 474 3643 perire?
543 3553 686 3622 Quo
721 3573 917 3613 crasso
965 3573 1159 3613 errore
1205 3563 1270 3613 et
1307 3550 1514 3613 Deum
1555 3553 1907 3615 mutabilem

163 513 383 657 aneia
423 513 570 574 estis
609 513 856 585 servati,
885 532 1128 593 unaque
1155 508 1492 578 suscitavit,
1521 528 1644 567 una
1688 530 1762 568 ue
1790 510 1911 571 cal-

165 3636 419 3707 faciunt,
448 3646 510 3698 et
548 3635 1018 3713 consolationem
1050 3634 1287 3716 piorum
1332 3633 1408 3695 de
1445 3634 1750 3713 electionis
1785 3658 1909 3722 suae
2011 3647 2019 3651 “

1646 3731 1681 3745 l
