2418 4172
491 390 600 445 362
1081 392 1643 446 CATECHESIS

1155 645 1370 695 PmMA
1404 644 1571 693 PARS

876 791 997 854 DE
1041 790 1430 854 HOMINIS
1473 789 1859 853 MISERIA.

575 958 635 1008 3.
688 945 863 1007 Unde
890 954 1059 1008 tuam
1087 946 1395 1007 miseriam
1425 946 1733 1029 cognoscis
1755 947 1794 1006 ‚⁹

574 1028 675 1090 Ex
706 1029 871 1109 Lege
899 1028 1018 1088 Dei
1041 1040 1087 1087 q.

579 1125 637 1172 4.
686 1111 859 1175 Quid
884 1131 923 1170 a
950 1109 1119 1170 nobis
1137 1108 1415 1190 postulat
1443 1109 1576 1170 Lex
1603 1110 1734 1171 Dei
1751 1110 1789 1169 9

578 1192 649 1253 Id
681 1192 856 1252 docet
893 1213 1002 1251 nos
1030 1190 1307 1252 Christus
1336 1192 1709 1266 summatim,
1738 1191 1920 1253 Matt.
1946 1192 2093 1254 xxii.
2113 1192 2238 1254 Di-

384 1322 393 1331 ,
497 1275 653 1357 liges
680 1273 1012 1334 Dominum
1039 1272 1247 1334 Deum
1290 1282 1481 1347 tuum,
1507 1294 1580 1333 ex
1621 1282 1745 1334 toto
1788 1273 1964 1335 eorde
2003 1282 2128 1351 tuo,
2162 1296 2238 1337 ει·

495 1365 624 1418 tota
654 1357 859 1417 anima
888 1364 1016 1430 tua,
1046 1377 1119 1417 ex
1149 1364 1278 1417 tota
1308 1356 1671 1439 cogitatione
1704 1364 1832 1431 tua,
1861 1364 1922 1418 et
1949 1376 2026 1418 ex
2050 1357 2240 1420 omni-

496 1440 604 1501 bus
639 1439 870 1501 viribus
913 1439 1054 1500 tuis·
1139 1438 1321 1500 Istud
1362 1446 1451 1500 est
1485 1439 1756 1519 primum
1805 1446 1866 1501 et
1906 1439 2239 1501 motivum

493 1522 865 1583 mandatum.
954 1522 1301 1583 Secundum
1328 1529 1532 1583 autem
1559 1521 1759 1583 simile
1786 1529 1878 1583 est
1903 1521 2086 1584 huie.-
2118 1522 2239 1584 Ds-

497 1605 655 1688 liges
675 1606 1021 1686 proximum
1050 1612 1222 1668 tuum
1248 1606 1409 1667 sicut
1434 1604 1709 1684 teipsum.
1795 1604 1897 1666 Ab
1930 1605 2069 1667 istis
2095 1604 2240 1667 dno-

497 1688 606 1749 bus
632 1688 940 1749 mandatis
969 1695 1098 1748 tota
1119 1686 1253 1749 Lex
1281 1695 1340 1748 et
1359 1686 1682 1767 Propheta
1702 1687 1972 1768 pendent
1989 1698 2030 1749 ¹.

579 1781 637 1832 5.
680 1769 852 1831 Num
881 1769 1003 1830 lutee
1029 1771 1231 1830 omnia
1251 1766 1531 1852 perfecte
1556 1790 1803 1830 servare
1823 1777 1996 1850 potes
2015 1770 2055 1830 9

579 1852 896 1913 Minime⁸.
982 1851 1218 1913 Natura
1258 1851 1421 1912 enim
1464 1873 1796 1935 propensus
1834 1873 1968 1913 sum
2009 1851 2085 1913 ad
2110 1850 2240 1913 odi-

496 1956 601 1997 um
633 1934 752 1995 Dei
784 1946 842 1994 et
872 1933 1131 2015 proximi
1151 1938 1186 1994 ⁸.

577 2015 637 2078 6.
683 2014 855 2076 Num
885 2036 955 2075 er
998 2037 1033 2075 ο
1062 2016 1242 2077 Deua
1278 2015 1574 2076 hominem
1602 2014 1694 2075 ita
1713 2034 1977 2095 pravum
2005 2022 2069 2077 et
2095 2036 2241 2099 pm

493 2120 734 2162 versum
764 2097 936 2159 condi
980 2097 1031 2159 it
1055 2099 1093 2158 .⁹

579 2182 986 2262 Nequaquam
1008 2190 1069 2241 ²¹:
1114 2179 1252 2241 Imo
1279 2201 1420 2241 vero
1449 2181 1677 2241 bonum
1718 2190 1781 2241 et
1808 2179 1883 2241 ad
1911 2180 2241 2264 imaginem

498 2265 586 2325 sui
628 2263 899 2325 condidit
940 2285 1078 2324 eum
1098 2274 1147 2336 ¹,
1179 2263 1296 2324 hoe
1333 2274 1443 2339 est,
1470 2285 1609 2324 vera
1639 2262 1878 2344 justitia
1918 2273 1982 2324 et
2022 2262 2244 2325 sanai-

498 2359 621 2409 tate
678 2346 1018 2430 proeditum‚
1073 2355 1143 2407 ut
1197 2344 1400 2406 Deum
1447 2344 1794 2407 Creatorem
1852 2366 2028 2408 auum
2080 2357 2244 2409 recte

498 2440 905 2512 cognosceret,
933 2451 1009 2489 ex
1054 2427 1256 2489 animo
1294 2427 1588 2511 diligeret,
1620 2449 1764 2490 cum
1806 2450 1881 2489 eo
1923 2429 2135 2490 beatus
2177 2428 2241 2489 in

498 2523 785 2572 aeternum
817 2512 1059 2585 viveret,
1088 2509 1267 2591 idque
1306 2509 1381 2571 ad
1419 2531 1560 2571 eum
1604 2508 1971 2571 laudandum
2000 2510 2245 2572 etcele-

499 2593 791 2654 brandum
815 2604 859 2653 Υ.

583 2686 640 2752 7.
693 2675 868 2737 Unde
904 2675 1101 2758 igitur
1130 2674 1335 2735 exis-tit
1363 2675 1485 2736 hoec
1510 2682 1749 2736 natum
1787 2674 2060 2738 hunum
2091 2696 2243 2758 pm-

499 2760 661 2820 vitas
683 2760 721 2819 9

582 2840 682 2902 Ex
741 2841 911 2923 lapsu
969 2851 1031 2901 et
1085 2839 1490 2901 inobedientia
1539 2840 1874 2923 primorum
1923 2851 2242 2924 parentum

499 2922 718 2985 Adami
750 2933 812 2984 et
840 2922 983 2984 Evae
1005 2933 1065 2983 ἐ
1110 2922 1251 2983 hinc
1288 2933 1500 2984 natura
1539 2934 1741 2984 nostra
1779 2922 1862 2984 ita
1906 2932 1998 2984 eet
2033 2921 2246 3008 depra-

500 3017 655 3082 vata,
699 3016 767 3067 ut
810 3026 1020 3067 omnes
1069 3004 1132 3066 in
1181 3006 1441 3088 peccatis
1486 3005 1897 3088 concipiamur
1936 3015 1999 3067 et
2040 3027 2247 3069 nason-

504 3110 639 3150 mur
660 3100 702 3149 ⁸.

586 3183 644 3234 8.
687 3170 798 3232 An
848 3191 992 3233 vero
1046 3169 1195 3232 adeo
1253 3172 1523 3253 corrupti
1575 3190 1803 3241 sumus,
1850 3177 1923 3232 ut
1970 3171 2058 3234 ad
2101 3171 2248 3234 bene

568 3345 591 3378 ⁴¹
625 3337 771 3387 Rom.
796 3335 863 3385 ἱὶἰ.
893 3351 970 3386 2ο.
1109 3343 1126 3366 '
1161 3335 1282 3385 Luc.
1308 3352 1352 3384 x.
1378 3349 1455 3399 27.
1526 3336 1673 3385 Dent.
1695 3336 1754 3384 νί.
1779 3348 1825 3415 5.
1963 3344 1981 3369 ⁸
2006 3336 2150 3414 Rern:
2175 3332 2243 3465 11³3.

513 3421 583 3482 ro,
618 3420 691 3482 !.¹.·
725 3419 797 3459 ι2.
829 3418 906 3467 23.
973 3418 991 3451 ι
1020 3404 1132 3481 δοΙι.
1161 3402 1191 3452 ἰ.
1220 3403 1267 3461 8,
1300 3418 1375 3452 ιο.
1522 3407 1535 3436 ⁸
1572 3404 1714 3480 iloni.
1740 3402 1833 3452 vini.
1855 3416 1901 3466 7.
1968 3402 2094 3516 Ὦ.
2119 3415 2167 3450 ιι.
2228 3437 2242 3450 .

501 3473 596 3519 Τιι.
623 3487 686 3519 ιιι.
714 3486 762 3534 3.
901 3480 922 3503 ¹¹
958 3472 1081 3519 Gen.
1107 3486 1136 3518 ι.
1165 3485 1248 3533 3ι.
1374 3479 1394 3502 ⁸
1426 3471 1552 3520 Gen.
1578 3486 1610 3518 ι.
1639 3471 1716 3527 26,
1745 3484 1823 3533 27.
1879 3467 1983 3518 Col.
2089 3483 2137 3531 9,
2168 3483 2241 3517 ιο.

505 3546 523 3577 r
550 3538 676 3601 Eph.
701 3537 758 3586 iv.
788 3553 865 3600 24.
929 3553 954 3587 2
976 3540 1084 3586 Cor.
1112 3536 1177 3586 iii.
1212 3539 1282 3587 18.
1425 3547 1444 3571 ¹
1468 3539 1592 3587 Gen.
1618 3536 1680 3587 iii.
1721 3537 1865 3586 Rom.
1890 3550 1932 3583 v.
1964 3548 2038 3590 ι2.
2066 3535 2140 3591 ι8.
2168 3550 2240 3599 ι9.

503 3611 520 3632 ⁸
552 3603 670 3651 νωι.
698 3604 742 3651 ιι.
771 3618 816 3666 7.
873 3604 996 3653 Gen.
1024 3621 1066 3652 v.
1093 3619 1139 3667 ³·
