2418 4172
0 951 7 965 ν
0 917 8 935 ⁷
0 828 17 885 “-
0 678 12 783 v-w-u-
0 547 14 660 ”““
0 499 8 532 “-
0 430 2 438 “

773 319 1330 374 HELVETICA.
1851 328 1925 380 88

178 471 566 524 non-tantum
597 481 772 544 agere
799 462 1051 545 passive,
1077 459 1181 523 sed
1205 462 1414 523 active.
1458 464 1739 545 Aguntur
1759 468 1920 529 enim

178 565 216 608 ι
237 542 399 617 Deo,
427 554 496 605 ut
523 565 557 605 a
678 555 705 605 t
733 544 867 628 ipsi,
944 544 1061 606 uod
1092 558 1298 628 agunt.
1386 544 1577 606 Recte
1605 547 1766 608 enim
1799 552 1925 612 Au-

176 625 455 712 gustinus
502 565 750 689 afficit
797 627 858 688 ill
949 670 966 700 ‚
1014 628 1175 710 quod
1226 627 1400 690 Deus
1449 627 1671 689 dicitur
1725 643 1926 692 noster

178 707 462 791 adjutor.-
517 709 754 791 Nequit
802 721 1004 771 autem
1059 710 1344 790 adjuvari,
1387 711 1502 772 nisi
1553 711 1621 786 is,
1664 713 1767 793 qui
1820 714 1925 774 ali-

177 791 326 888 quid
354 792 497 875 agit.
560 792 887 854 Manicboei
920 794 1262 875 spoliabant
1292 793 1600 854 hominem
1632 796 1797 855 omni
1830 818 1926 857 ac-

174 886 363 947 tione,
390 887 453 937 et
480 876 664 937 veluti
697 897 906 937 saxum
937 888 999 937 et
1021 889 1298 939 truncum
1324 876 1642 938 faciebant.
1700 878 1926 939 Secun-

177 957 348 1032 dum,
375 958 439 1020 in
482 960 842 1054 regeneratis
885 981 1195 1020 remanere
1244 959 1676 1021 infirmitatem.
1762 962 1922 1022 Cum

176 1041 340 1104 enim
372 1041 670 1103 inhabitet
699 1042 760 1102 in
792 1042 964 1103 nobis
994 1055 1332 1125 peccatum,
1361 1055 1422 1103 et
1450 1065 1587 1104 caro
1618 1043 1676 1105 in
1710 1046 1925 1105 renatis

177 1124 521 1187 obluctetur
549 1125 783 1208 spiritui
820 1125 878 1185 in
917 1127 1100 1186 finem
1140 1148 1331 1207 usque
1360 1126 1497 1187 vitae
1536 1139 1771 1198 nostrae,
1803 1150 1924 1187 non

177 1207 459 1292 expedite
487 1208 738 1269 omnino
765 1209 1086 1291 perficiunt
1119 1209 1447 1291 regenerati
1484 1209 1647 1290 quod
1688 1210 1924 1271 institu-

178 1302 367 1353 erant.
451 1290 907 1352 Confirmantur
937 1291 1065 1352 haec
1100 1292 1175 1352 ab
1205 1293 1477 1374 apostolo
1508 1292 1581 1352 ad
1622 1292 1802 1353 Rom.
1826 1293 1925 1352 vii.

178 1384 244 1436 et
269 1372 408 1436 Gal.
437 1394 492 1435 v.
544 1372 799 1435 Proinde
829 1374 1135 1435 infirmum
1168 1388 1260 1435 est
1288 1387 1558 1436 nostrum
1597 1375 1744 1436 illud
1780 1375 1927 1437 libe-

179 1477 315 1520 rum
351 1456 686 1529 arbitrium,
716 1468 961 1539 propter
995 1457 1274 1537 reliquias
1318 1458 1680 1518 remanentis
1722 1458 1780 1518 in
1819 1481 1925 1520 no-

180 1538 294 1615 bis,
318 1535 397 1600 nd
421 1540 609 1599 'finem
652 1559 843 1618 usque
870 1538 1010 1600 vitae
1044 1551 1282 1613 nostrae,
1309 1540 1522 1600 veteris
1551 1540 1793 1614 Adami,
1821 1563 1928 1623 ag-

159 1630 455 1703 ‚meoque
497 1620 894 1712 corruptionis
939 1621 1240 1682 humanae.
1326 1621 1578 1682 Interim
1621 1643 1761 1682 curn
1802 1644 1929 1683 car-

178 1701 275 1777 nis
296 1702 452 1769 vires
478 1713 542 1763 et
569 1702 837 1782 reliquiae
856 1703 1071 1764 veteris
1103 1703 1365 1764 bominis
1395 1725 1518 1764 non
1549 1705 1631 1764 ita
1655 1704 1776 1764 sint
1803 1705 1929 1765 effi-

100 1803 113 1811 ··
160 1798 369 1861 om,
406 1796 476 1847 ut
515 1785 874 1867 extinguant
995 1786 1156 1846 nitus
1200 1786 1459 1869 Spiritus
1497 1787 1929 1869 operationem,

174 1867 402 1932 iddroo
437 1867 647 1930 fideles
685 1868 856 1929 liberi
943 1869 1203 1942 icuntur‚
1233 1869 1318 1929 ita
1350 1880 1577 1943 tamen,
1605 1882 1673 1931 ut
1716 1892 1930 1952 agnos-

175 1963 320 2015 oeut
343 1950 782 2026 infirmitatem,
809 1963 872 2012 et
899 1952 1053 2013 nihil
1083 1952 1413 2034 glorientur
1439 1952 1515 2013 de
1549 1954 1739 2014 libero
1773 1954 1928 2014 arbi-

176 2034 312 2097 trio.
393 2035 651 2117 Semper
675 2035 838 2095 enim
870 2035 1085 2095 animis
1108 2035 1377 2096 fidelium
1408 2037 1705 2097 obversari
1726 2036 1928 2112 debet,

222 2116 344 2180 uod
393 2117 571 2179 toties
621 2118 884 2179 inculcat
928 2118 1138 2179 beatus
1188 2118 1449 2198 August.
1498 2141 1575 2180 ex
1636 2121 1929 2202 apostolO,

178 2138 362 2268 aad
397 2200 598 2298 habes,
617 2201 803 2298 ‘quod
846 2222 964 2298 non
1013 2201 1300 2282 accepisti
1317 2202 1363 2297 5³·
1418 2210 1478 2263 et
1522 2203 1577 2263 si
1609 2204 1929 2297 ‘accepist-i,

176 2282 344 2449 m
370 2386 495 2428 non
525 2285 1657 2448 statinftgse‘ni’twgugdcssffigmmlil:
1697 2286 1931 2429 Ἓρνῗηιξ

178 2459 276 2512 tu
313 2448 479 2511 ’ωἰω
522 2449 949 2543 rerum-positi
993 2459 1135 2510 sunt
1177 2449 1238 2510 in
1289 2471 1474 2511 manu
1518 2450 1658 2511 Dei.
1745 2451 1928 2512 Unde

53 2558 62 2565 ’
177 2531 399 2597 Paulus
419 2544 551 2594 orat
570 2531 934 2606 Dominum,
956 2543 1024 2593 ut
1044 2546 1354 2616 prosperet
1374 2533 1488 2594 iter
1507 2555 1704 2594 suum.
1746 2533 1929 2595 Unde

177 2614 271 2679 vd
302 2615 418 2678 hac
442 2638 624 2678 causa
653 2615 964 2677 infirmum
993 2627 1085 2677 est
1114 2617 1369 2677 liberum
1401 2616 1734 2677 arbitrium.

255 2698 562 2761 Ceterum
591 2721 776 2760 nemo
805 2710 985 2782 negat
1018 2699 1082 2759 in
1116 2699 1401 2770 externis,
1430 2710 1492 2760 et
1529 2701 1828 2782 regenitos
1866 2713 1928 2762 et

175 2802 301 2843 non
347 2782 649 2864 regenitos
705 2782 926 2843 babere
980 2782 1237 2844 liberum
1298 2782 1631 2844 arbitrium.
1719 2783 1929 2844 Habet

174 2864 341 2927 enim
381 2865 569 2927 bomo
605 2865 762 2927 hanc
796 2865 1290 2927 constitutionem
1334 2888 1474 2927 cum
1522 2866 1928 2927 animantibus

177 2944 309 3010 ulii}
352 2949 377 3028 (
425 2948 602 3010 uibus
645 2970 766 3009 non
811 2960 903 3009 est
945 2947 1212 3029 inferior)
1257 2969 1669 3022 communem,
1701 2959 1771 3009 ut
1813 2949 1929 3009 alia

177 3030 350 3107 vdit,-
417 3032 476 3093 ia
503 3031 675 3093 nolit.
747 3032 843 3116 Ita
873 3032 1039 3116 loqui
1069 3043 1271 3115 potest
1301 3045 1405 3092 aut
1432 3042 1646 3106 tacere,
1673 3032 1927 3092 domum

178 3112 401 3207 egredi,
424 3114 521 3176 vel
555 3114 723 3176 domi
758 3136 1020 3188 manere,
1047 3117 1160 3177 &c.
1248 3115 1542 3184 Quamvis
1586 3137 1824 3196 semper
1868 3128 1930 3175 et

180 3195 284 3258 hie
308 3196 582 3280 potentia
608 3197 729 3258 Dei
749 3198 1123 3259 observanda
1149 3199 1264 3259 sit:
1305 3220 1440 3279 quae
1464 3198 1680 3268 effecit,
1709 3209 1780 3257 ut
1807 3197 1930 3259 Ba-

178 3278 339 3340 laam
381 3299 459 3339 eo
497 3299 620 3339 non
662 3292 868 3362 posset
909 3282 1265 3363 pertingere,
1294 3302 1417 3361 quo
1445 3279 1705 3355 volebat,
1731 3301 1930 3363 neque

177 3360 504 3507 lzgcharias
530 3360 766 3423 rediens
794 3384 871 3423 ex
900 3364 1152 3445 templo,
1179 3363 1341 3443 loqui
1374 3373 1594 3446 posset,
1621 3374 1803 3446 prout
1820 3385 1930 3424 vo-

200 3466 237 3507 Θ
281 3455 360 3506 at.
1632 3466 1637 3469 ’

261 3526 647 3589 Damnamus
677 3526 740 3588 in
772 3526 887 3588 bae
923 3549 1101 3588 causa
1137 3526 1534 3602 Manichaeos,
1556 3527 1665 3610 qui
1704 3543 1926 3612 negant

181 3609 414 3672 homini
446 3613 625 3686 bono,
654 3632 730 3671 ex
762 3610 948 3671 libero
978 3611 1224 3671 arbitrio
1258 3610 1442 3696 fuisse
1481 3611 1719 3673 initium
1765 3614 1928 3674 mali.
2011 3687 2019 3690 ῃ

1035 3714 1077 3753 D
1145 3719 1147 3724 Α

1680 3776 1714 3787 Ι
