2418 4172
558 360 1114 416 AUGUSTANA
1165 356 1534 411 MDxxxl.
1808 360 1915 415 157

177 505 510 600 disputant,
533 503 650 563 diei
673 501 983 564 Dominici
1011 499 1486 562 observationem
1520 519 1639 557 non
1671 499 1914 578 quidem

166 587 321 669 juris
341 584 527 646 divini
551 607 698 659 esse,
714 583 816 644 sed
836 583 1000 664 quasi
1013 582 1164 663 juris
1184 581 1400 650 divini3
1431 579 1820 662 praescribunt
1843 581 1919 641 de

176 667 359 742 feriis,
388 679 681 749 quatenus
721 666 897 728 liceat
933 664 1180 747 operari.
1251 661 1620 742 Hujusmodi
1653 660 1921 743 disputa-

177 750 372 812 tiones
410 748 556 830 quid
595 760 733 809 sunt
777 747 956 819 aliud,
988 747 1100 806 nisi
1142 745 1336 825 laquei
1378 744 1922 804 conscientiarum?

180 833 542 912 Quanquam
595 831 754 890 enim
807 841 1096 890 conentur
1144 827 1502 909 epiikeizare
1557 826 1924 900 traditiones,

180 924 383 976 tamen
427 934 735 992 nunquam
781 924 977 993 potest
1019 911 1268 990 oequitas
1311 908 1697 991 deprehendi,
1734 908 1925 969 donec

184 1007 389 1059 manet
416 995 623 1077 opinio
652 993 1036 1066 necessitatis,
1065 1014 1245 1072 quam
1280 1014 1520 1051 manere
1551 1013 1789 1051 necesse
1819 1003 1927 1064 est,

186 1079 290 1140 ubi
321 1076 669 1160 ignorantur
686 1075 923 1156 justitia
956 1075 1115 1148 fidei,
1145 1087 1204 1135 et
1235 1074 1473 1134 libertas
1504 1074 1863 1134 Christiana.

268 1158 866 1243 Apostolijusserunt
896 1157 1190 1218 abstinere
1222 1179 1253 1217 a
1284 1156 1589 1238 sanguine,
1610 1156 1745 1236 quis
1770 1178 1929 1217 nunc

186 1242 502 1304 observat?
546 1263 739 1322 neque
773 1253 971 1301 tamen
1004 1251 1272 1322 peccant,
1301 1239 1403 1319 qui
1436 1261 1557 1299 non
1593 1240 1928 1313 observant,

189 1324 335 1407 quia
361 1346 437 1384 ne
466 1324 576 1404 ipsi
610 1322 853 1403 quidem
887 1323 1137 1404 apostoli
1169 1322 1484 1381 voluerunt
1513 1343 1753 1382 onerare
1787 1343 1933 1382 con·

192 1405 470 1468 scientias
494 1405 597 1466 tali
626 1405 924 1478 servitute,
952 1404 1052 1464 sed
1092 1403 1166 1464 ad
1206 1415 1443 1486 tempus
1478 1404 1933 1486 prohibuerunt,

193 1500 438 1572 propter
487 1487 852 1547 scandalum.
939 1486 1050 1547 Est
1097 1486 1257 1546 enim
1319 1508 1424 1568 per
1502 1497 1604 1546 tua
1660 1486 1934 1547 voluntas

194 1568 485 1652 evangelii
515 1568 942 1630 consideranda
969 1568 1031 1627 in
1061 1568 1318 1628 decreto.
1388 1508 1508 1628 xliii
1545 1568 1649 1628 ulli
1678 1590 1935 1628 canones

195 1662 506 1713 servantur
525 1662 817 1722 accurate,
834 1662 893 1710 et
919 1650 1091 1709 multi
1116 1649 1385 1729 quotidie
1406 1649 1753 1709 exolescunt
1775 1649 1934 1731 apud

197 1734 332 1795 illos
369 1732 572 1806 etiam,
600 1732 704 1812 qui
733 1731 1188 1813 diligentissime
1216 1730 1546 1790 defendunt
1571 1730 1940 1792 traditiones.

197 1814 335 1877 Nec
360 1826 561 1898 potest
588 1813 965 1875 conscientiis
995 1812 1247 1887 consuli,
1268 1812 1380 1872 nisi
1403 1813 1532 1873 haec
1552 1813 1800 1893 aequitas
1823 1836 1942 1874 ser-

199 1908 392 1968 vetur,
420 1909 488 1958 ut
530 1897 788 1957 sciamus
827 1918 927 1957 eos
963 1895 1089 1956 sine
1117 1895 1401 1977 opinione
1430 1895 1794 1956 necessitatis
1825 1918 1942 1956 ser-

201 1980 345 2051 vari,
373 2002 486 2040 nec
529 1978 666 2040 laedi
710 1977 1120 2052 conscientias,
1148 1978 1383 2038 etiamsi
1420 1978 1768 2039 traditiones
1797 2000 1943 2038 exo-

202 2063 449 2123 lescant.

289 2144 492 2205 Facile
521 2153 721 2204 autem
752 2154 996 2236 possent
1022 2141 1288 2224 episcopi
1312 2141 1640 2223 legitimam
1663 2143 1946 2204 obedien-

207 2226 355 2288 tiam
406 2226 677 2298 retinere,
727 2247 775 2285 si
821 2247 941 2284 non
993 2236 1271 2306 urgerent
1315 2246 1542 2284 servare
1583 2225 1948 2300 traditiones,

210 2330 346 2390 quae
387 2309 542 2368 bona
582 2307 943 2368 conscientia
983 2307 1194 2366 servari
1238 2328 1357 2366 non
1402 2320 1674 2388 possunt.
1762 2308 1947 2368 Nunc

211 2391 509 2473 imperant
545 2389 917 2461 coelibatum,
945 2389 1139 2448 nullos
1176 2388 1491 2469 recipiunt,
1519 2389 1631 2449 nisi
1651 2389 1858 2468 jurent
1886 2413 1950 2450 se

211 2493 425 2556 puram
469 2471 758 2553 evangelii
796 2470 1131 2530 doctrinam
1162 2469 1576 2550 nolleodocere.
1660 2472 1805 2532 Non
1847 2495 1952 2555 pe-

213 2566 352 2616 tunt
397 2553 679 2623 ecclesiae,
722 2564 791 2613 ut
838 2553 1101 2635 episcopi
1146 2552 1388 2612 honoris
1432 2552 1521 2614 sui
1553 2553 1790 2633 jactura
1832 2577 1955 2614 sar-

215 2637 378 2700 ciant
417 2635 817 2709 concordiam,
848 2635 1010 2716 quod
1052 2646 1254 2695 tamen
1298 2634 1549 2696 decebat
1593 2637 1778 2697 bonos
1817 2660 1947 2719 pas-

217 2730 375 2780 tores
416 2718 628 2779 facere.
711 2718 975 2778 Tantum
1022 2729 1256 2800 petunt,
1285 2730 1353 2777 ut
1396 2718 1613 2798 injusta
1652 2742 1831 2778 onera
1866 2742 1955 2779 re-

219 2801 483 2874 mittant,
525 2822 658 2881 quoe
703 2822 855 2861 nova
902 2812 1060 2874 sunt,
1102 2812 1162 2860 et
1203 2812 1418 2882 praeter
1458 2802 1955 2862 consuetudinem

222 2882 484 2944 ecclesiae
543 2882 851 2943 catholicae
909 2894 1159 2965 recepta.
1246 2882 1534 2942 Fortassis
1578 2883 1749 2942 initio
1794 2905 1959 2963 quae-

223 2965 363 3026 dam
421 2964 873 3026 constitutiones
933 2966 1273 3026 habuerunt
1334 2964 1669 3046 probabiles
1734 2987 1961 3041 causas,

272 3069 362 3108 uae
389 3059 590 3108 tamen
622 3047 1043 3128 posterioribus
1065 3047 1437 3129 temporibus
1462 3069 1582 3106 non
1606 3059 1959 3128 congruunt.

227 3069 495 3211 apparet
534 3129 713 3189 etiam
760 3129 1048 3211 quasdam
1091 3151 1283 3189 errore
1313 3142 1577 3211 receptas
1606 3151 1752 3201 esse,
1781 3151 1963 3209 quare

229 3210 552 3294 pontiflciae
581 3211 915 3272 clementiae
945 3222 1119 3283 esset,
1149 3212 1277 3271 illas
1307 3233 1469 3271 nunc
1502 3211 1792 3291 mitigare,
1822 3213 1965 3292 quia

229 3294 364 3354 talis
388 3292 643 3353 mutatio
664 3308 783 3352 non
805 3292 1084 3352 labefacit
1104 3293 1369 3354 ccclesiae
1392 3293 1704 3353 unitatem.
1748 3293 1966 3356 Multoe

231 3376 392 3436 enim
434 3375 780 3435 traditiones
820 3374 1098 3435 humanae
1133 3386 1254 3434 tem
1342 3396 1403 3434 re
1432 3387 1680 3435 mutatae
1709 3387 1868 3449 sunt,
1898 3388 1968 3438 ut

232 3457 557 3518 ostendunt
596 3456 707 3538 ipsi
751 3477 1026 3516 canones.
1113 3456 1212 3524 Qu
1324 3456 1522 3516 sinon
1552 3467 1750 3539 potest
1777 3458 1970 3542 impe-

234 3539 394 3611 trari‚
421 3551 491 3600 ut
528 3539 868 3599 relaxentur
904 3538 1363 3612 observationes,
1389 3559 1523 3620 quae
1561 3539 1688 3600 sine
1725 3553 1972 3623 peccato

236 3643 357 3683 non
390 3632 642 3704 possunt
680 3619 967 3703 praestari,
994 3630 1231 3702 oportet
1257 3640 1367 3688 nos
1396 3621 1659 3704 regulam
1692 3625 1974 3705 apostoli-
2025 3683 2033 3687 ,

237 3725 369 3765 cam
410 3703 598 3785 sequi,
626 3725 759 3783 quae
793 3702 1083 3785 praecipit,
1107 3701 1250 3764 Deo
1284 3703 1474 3786 magis
1501 3703 1761 3787 obedis-9,
1790 3727 1972 3786 quam
