2418 4172
501 354 611 407 888
1138 352 1623 408 CONFBSSIO

507 505 571 557 et
595 493 838 568 Davidi,
865 493 1029 576 quod
1058 494 1287 556 scilieet
1315 517 1522 558 semen
1553 494 1814 557 Abrahae
1851 495 2266 579 assumpserit,

507 585 765 661 excepto
795 589 1062 659 peccato,
1093 589 1162 639 ut
1188 577 1423 639 dietum
1453 589 1565 652 est,
1586 576 1865 638 fratribus
1892 578 2017 641 suis
2042 578 2266 640 similis,

508 682 617 744 per
670 661 876 723 omnia
919 660 1134 735 factus,
1176 660 1325 722 adeo
1367 672 1438 722 ut
1479 661 1557 722 sit
1600 682 1801 722 revera
1843 673 2054 723 noster·
2072 660 2262 723 Ema-

509 744 672 817 nuel‚
703 743 763 804 id
792 755 900 816 est,
931 743 1104 804 Deus
1134 745 1476 804 nobiscum.

593 826 773 887 XIX.
820 825 1137 887 Credimus
1192 827 1373 887 etiam
1427 849 1535 910 per
1581 826 1739 887 banc
1779 848 1965 888 conoe
2009 825 2265 901 tionem,

508 930 825 993 personam
857 908 997 969 Filii
1027 909 1434 990 conjunctam,
1464 922 1645 991 atque
1677 909 1910 971 unitam
1976 909 2134 971 uisse
2169 909 2263 971 in·

509 991 918 1075 separabiliter
959 1013 1100 1052 cum
1146 993 1412 1054 humana
1454 1005 1684 1067 natura,
1726 994 1811 1054 ita
1858 1004 1925 1053 ut
1969 1015 2090 1053 non
2139 991 2264 1063 sint

509 1074 632 1135 duo
662 1074 800 1135 Filii
828 1073 971 1146 Dei,
998 1096 1112 1135 nec
1144 1074 1279 1136 duae
1309 1076 1602 1149 Personoe,
1628 1075 1731 1136 sed
1767 1074 1902 1136 duae
1939 1087 2169 1137 nature
2196 1074 2263 1137 in

510 1157 688 1218 unica
710 1156 968 1215 Persona
997 1155 1354 1236 conjunctae,
1376 1178 1630 1237 quarum
1662 1169 1914 1238 utraque
1934 1158 2265 1241 proprieta-

509 1250 600 1300 tes
644 1258 779 1299 suas
822 1237 1096 1311 retineat,
1125 1238 1275 1299 adeo
1316 1254 1384 1300 ut
1424 1240 1583 1301 sicut
1622 1251 1837 1300 natura
1872 1239 2076 1302 divina
2106 1261 2265 1302 sem-

508 1343 618 1404 per
660 1322 941 1395 increata,
968 1332 1030 1381 et
1067 1322 1295 1402 absque
1332 1322 1506 1382 initio
1539 1321 1794 1396 diemm,
1821 1321 1953 1383 sine
1977 1321 2117 1383 vitoe
2142 1323 2267 1384 fine

509 1403 814 1478 remansit,
842 1403 1191 1485 coelumque
1233 1415 1296 1465 et
1336 1416 1553 1466 terram
1594 1404 1894 1487 implens:
1938 1403 2027 1466 sic
2052 1415 2267 1466 namra

508 1487 779 1548 humana
820 1487 1212 1570 proprietates
1258 1509 1393 1548 suas
1444 1510 1566 1548 non
1618 1487 1905 1562 amiserit,
1948 1485 2053 1549 sed
2101 1509 2268 1549 crea-v

506 1581 641 1631 tura
671 1570 1040 1644 remanserit,
1060 1570 1302 1632 initium
1333 1570 1588 1645 dierum,
1611 1581 1673 1631 et
1700 1581 1978 1632 naturam
2008 1570 2267 1645 finitam,

508 1653 762 1713 habens.
848 1653 1076 1713 Omnia
1104 1654 1266 1713 enim
1297 1653 1417 1726 illa,
1446 1676 1582 1734 quae
1610 1652 2013 1736 verooorpori
2044 1674 2266 1714 conve·-

508 1735 706 1810 niunt,
748 1735 1016 1808 retinuit,
1055 1747 1118 1796 et
1166 1736 1441 1816 quamvis
1487 1737 1571 1796 illi
1612 1736 2128 1797 immortalitatem
2173 1757 2266 1796 re-

508 1818 874 1879 surrectione
919 1840 1027 1878 sua
1073 1817 1322 1893 dederit,
1354 1818 1667 1896 veritatem
1723 1830 1930 1880 tamen
1983 1817 2266 1880 humanm

510 1912 739 1962 naturae
774 1900 865 1960 illi
909 1922 1106 1981 neque
1149 1898 1394 1973 ademit,
1423 1923 1620 1983 neque
1653 1900 2072 1962 eommutavit.
2155 1901 2268 1962 Sa-

507 1983 602 2044 lus
639 1983 804 2044 enim
833 1994 895 2043 et
922 1984 1275 2044 resurreetio
1302 1995 1505 2044 nostra
1534 2006 1570 2044 a
1596 1984 1847 2044 veritate
1874 1982 2140 2066 eorporis
2171 1983 2267 2067 ip-

510 2066 633 2127 sius
671 2065 990 2148 dependet.
1076 2066 1401 2138 Caeterum,
1430 2065 1564 2127 duoe
1598 2066 1728 2127 istoe
1755 2076 1984 2127 natura!
2011 2064 2098 2127 ita
2124 2072 2268 2128 sunt

509 2148 693 2209 simul
721 2148 908 2209 unitae
941 2158 1004 2209 et
1040 2148 1379 2228 conjunctae
1408 2147 1470 2209 in
1501 2169 1683 2210 unam
1712 2148 2058 2223 Personam,
2085 2159 2157 2211 ut
2188 2169 2268 2211 ne

510 2242 706 2292 morte
734 2231 983 2312 quidem
1012 2231 1202 2314 ipsius
1231 2231 1485 2314 separari
1516 2231 1840 2314 potuerint.
1927 2230 2111 2301 Quod
2151 2231 2267 2315 igi-

509 2325 611 2376 tur
652 2314 814 2375 Patri
857 2336 966 2375 suo
1010 2314 1322 2375 moriendo
1364 2314 1831 2390 commendavit,
1857 2313 1920 2375 id
1961 2333 2100 2376 vere
2141 2325 2269 2376 erat

510 2398 754 2480 spiritus
785 2397 1109 2471 humanus,
1131 2420 1166 2458 a
1194 2419 1440 2480 corpore
1469 2397 1656 2480 ipsius
1687 2397 1997 2479 egrediens
2022 2421 2039 2458 ε
2082 2409 2145 2459 at
2174 2397 2267 2459 in*

510 2480 686 2540 terim
731 2479 933 2540 divina
974 2492 1187 2541 natura
1228 2502 1467 2564 semper
1510 2481 1790 2542 humanae
1836 2481 2047 2558 (etiam
2085 2481 2147 2541 in
2176 2502 2270 2542 se·-

508 2562 767 2657 pulchro
784 2562 1040 2642 jacenti)
1067 2562 1388 2643 conjuncta
1418 2563 1741 2624 remansit:
1786 2562 2031 2623 adeout
2051 2562 2266 2625 Deitas

511 2666 643 2727 ipsa
684 2666 807 2705 non
852 2644 1051 2705 minus
1094 2645 1157 2705 in
1200 2645 1334 2728 ipso
1366 2657 1516 2707 tunc
1549 2645 1747 2721 fuerit,
1776 2666 1960 2727 quam
1990 2667 2132 2708 cum
2163 2645 2267 2707 ad-

513 2728 637 2789 huc
677 2726 879 2788 infans
917 2739 1091 2802 esset,
1119 2728 1229 2788 etsi
1269 2728 1558 2811 exiguum
1599 2728 1675 2789 ad
1713 2740 1956 2811 tempus
1985 2750 2105 2790 non
2137 2749 2267 2790 sese

511 2822 832 2872 exerceret.
927 2811 1312 2894 Quapropter
1374 2813 1735 2872 confitemur
1795 2812 1998 2894 ipsum
2055 2832 2265 2873 verum

511 2894 742 2970 Deum,
791 2904 855 2955 et
906 2914 1115 2955 verum
1167 2893 1480 2955 hominem
1528 2916 1694 2955 esse:
1750 2916 1958 2956 verum
2017 2894 2265 2976 quidem

512 2977 739 3053 Deum,
770 2987 837 3038 ut
874 2988 1132 3038 mortem
1172 2999 1280 3038 sua
1319 2978 1587 3060 potentia
1620 2978 1923 3039 vinceret:
1965 2990 2028 3038 et
2055 2998 2265 3039 verum

516 3059 849 3135 hominem,
891 3070 961 3120 ut
1007 3059 1071 3120 in
1115 3060 1309 3122 carnis
1358 3082 1481 3122 suoe
1525 3060 1877 3123 infirmitate
1932 3082 2043 3145 pro
2091 3060 2266 3122 nobis

517 3154 773 3205 mortem
805 3142 1016 3203 obiret.

595 3225 743 3287 XX.
765 3224 1084 3287 Credimus
1102 3225 1306 3287 Deum
1336 3227 1468 3308 (qui
1492 3246 1731 3287 summe
1752 3237 1814 3286 et
1835 3225 2265 3309 perfectissime

512 3321 622 3383 est,
651 3320 784 3370 tum
828 3308 1178 3382 misericors,
1217 3320 1347 3371 tum
1383 3312 1612 3390 justus)
1656 3308 1883 3371 Filium
1927 3330 2105 3371 suum
2150 3305 2263 3369 mi·

514 3393 678 3467 sisse,
721 3403 790 3453 ut
833 3403 1104 3453 naturam
1149 3392 1315 3454 illam
1361 3403 1689 3454 assumeret
1730 3413 1867 3473 que
1907 3412 2016 3476 per
2055 3388 2262 3451 inobe-
2370 3454 2376 3461 ,

513 3474 801 3536 dientiam
847 3486 1142 3558 peccarat,
1175 3486 1242 3537 ut
1270 3475 1330 3537 in
1362 3497 1432 3536 ea
1459 3475 1476 3536 i
1527 3498 1591 3537 sa
1618 3486 1832 3537 natura
1863 3486 1928 3536 et
1961 3470 2261 3534 satisface-

515 3569 624 3632 ret,
657 3569 723 3650 ·et
767 3557 843 3618 de
892 3570 1160 3652 peccato,
1197 3580 1308 3642 per
1349 3581 1453 3620 aee
1526 3580 1623 3620 am
1669 3557 1858 3641 ipsius
1898 3565 2154 3649 mortem
2197 3566 2260 3616 et

515 3661 874 3720 passionem,
893 3653 1087 3719 Justas
1116 3662 1332 3724 poenas
1362 3652 1641 3703 sumeret.
1726 3638 1898 3699 Deus
1927 3648 2110 3720 igitur
2126 3659 2260 3718 Jus-

2373 3907 2402 4019 ηοξ
