2418 4172
513 393 624 445 454
788 391 907 443 111.
946 391 1053 443 ET
1096 392 1193 444 1v.
1234 389 1667 444 DOCTRINAE
1708 390 1999 456 CAPUT,

523 532 752 615 Ephes.
771 533 830 593 ii.
850 543 909 593 3.
931 534 1106 593 Inter
1126 553 1275 615 quos
1298 531 1600 608 (homines
1630 533 2044 611 contumaces)
2076 539 2136 592 et
2161 552 2270 591 nos
2335 594 2342 598 ,

526 636 728 676 omne-s·
756 617 1093 676 conversat-i
1119 636 1326 675 sumus
1354 612 1496 674 olim
1520 614 1584 675 iu
1608 612 2042 694 cupiditatibus
2068 613 2271 675 camis

529 707 767 772 nostrae,
773 696 1093 781 facientes
1120 697 1463 838 voluntcitxes
1487 697 1691 757 carnis
1720 718 1793 757 ac
1822 695 2271 778 cogitationum.

611 862 733 932 Qui
789 862 1025 932 docent,
1074 862 1464 922 “Hominem
1519 861 1905 943 irregenitum
1966 880 2085 919 non
2142 879 2273 919 esse

527 953 562 981 “
593 946 829 1028 proprie
860 967 970 1004 nec
999 944 1262 1004 totaliter
1291 944 1349 1004 in
1384 944 1641 1025 peccatis
1667 955 1992 1015 mortuum,
2013 952 2117 1001 aut
2143 962 2273 1001 om-

530 1036 567 1064 “
595 1028 772 1088 nibus
802 1027 874 1087 ad
906 1027 1132 1086 bonum
1165 1026 1470 1107 spirituale
1504 1026 1727 1086 viribus
1761 1025 2140 1096 destitutum,
2169 1022 2273 1084 sed

529 1118 565 1146 ‘⁶
596 1132 769 1193 posse
802 1108 1100 1188 justitiam
1147 1108 1240 1167 vel
1284 1108 1468 1168 vitam
1513 1108 1733 1168 esurire
1777 1130 1846 1167 ac
1888 1106 2070 1181 sitire,
2097 1105 2276 1167 sacri-

530 1202 566 1229 “
598 1193 925 1270 ficiumque
968 1188 1225 1270 Spiritus
1268 1189 1530 1261 contriti,
1566 1201 1628 1249 et
1668 1187 2073 1261 contribulati,
2109 1185 2275 1270 quod

533 1282 569 1310 “
601 1274 739 1333 Deo
782 1283 1098 1353 acceptum
1147 1282 1255 1340 est,
1298 1271 1504 1331 offerre
1526 1271 1574 1329 :”
1660 1270 2069 1331 Adversantur
2110 1270 2273 1330 enim

534 1357 681 1416 haec-
713 1354 930 1437 apertis
975 1353 1281 1436 scripturae
1326 1353 1706 1422 testimoniis,
1749 1351 1978 1435 Ephes.
2017 1350 2081 1412 ii.
2126 1362 2181 1424 1,
2217 1360 2276 1412 5.

536 1437 756 1498 Eratis·
806 1437 1030 1497 mortui
1077 1437 1139 1496 in
1183 1434 1428 1520 offensis
1463 1443 1523 1495 et
1542 1436 1828 1516 peccati&
1915 1433 2016 1504 Et,
2054 1434 2276 1495 Genea.

531 1521 607 1580 vi.
642 1533 696 1582 5.
728 1531 788 1579 et
817 1520 936 1579 viii.
968 1531 1064 1580 21.
1096 1519 1469 1600 Imaginatio
1499 1519 1933 1601 cogitationum
1964 1514 2281 1578 cordi-rho-

533 1603 714 1664 minis
743 1602 1155 1663 tantummodo
1182 1601 1347 1662 mala
1377 1609 1465 1661 est
1493 1602 1655 1661 omni
1683 1601 1798 1661 die.
1868 1599 2105 1660 Adhaec
2136 1599 2282 1660 tibe-

534 1686 824 1745 rationem
856 1707 930 1745 ex
966 1685 1200 1744 miseria
1230 1696 1291 1744 et
1317 1684 1503 1744 vitam
1543 1684 1764 1743 esurire
1802 1705 1872 1743 ac
1905 1682 2087 1755 sitire,
2113 1681 2278 1742 Deo·

534 1789 652 1847 que
682 1767 1037 1827 sacrificium
1072 1767 1330 1860 Spiritus
1360 1766 1597 1826 contriti
1628 1766 1853 1837 offerre,
1874 1764 2276 1845 regenitorum

534 1862 643 1920 est,
686 1862 746 1909 et
789 1871 992 1909 eorum
1038 1870 1140 1929 qui
1188 1848 1341 1908 beati
1387 1847 1684 1908 dicuntur.
1738 1846 1955 1907 Psalm.
1987 1847 2048 1907 li.
2087 1858 2181 1921 19.
2218 1855 2279 1906 et

538 1932 766 1993 Matth.
798 1953 852 1991 v.
878 1930 938 1990 6.
1371 2014 1429 2073 V

621 2095 743 2164 Qui
782 2094 1018 2168 docent,
1046 2094 1438 2155 “Hominem
1479 2107 1825 2178 corruptum
1863 2104 1926 2155 et
1959 2092 2279 2154 animalem

536 2186 573 2214 “
601 2178 789 2259 gratia
819 2177 1150 2250 communi,
1178 2199 1312 2258 quae
1343 2178 1359 2238 i
1408 2178 1486 2237 sis
1516 2189 1607 2238 est
1644 2179 1848 2239 lumen
1887 2187 2132 2251 naturae,
2158 2175 2284 2237 aive'

538 2269 576 2296 “
604 2260 777 2321 donis
830 2272 967 2342 post
1016 2259 1250 2341 lapsum
1301 2200 1405 2320 rei³

538 2350 574 2379 “
604 2355 671 2404 ut
708 2344 868 2403 bono
910 2342 1025 2402 isto
1050 2364 1162 2402 usu
1194 2343 1481 2423 majorem
1515 2343 1787 2423 gratiam,
1813 2354 1960 2422 puta
1988 2340 2286 2424 evangeli-

537 2434 575 2461 “
605 2447 758 2499 cam,
793 2427 915 2485 sive
962 2425 1302 2499 salutarem,
1345 2438 1407 2486 et
1450 2425 1701 2486 salutem
1748 2426 1938 2508 ipsam
1987 2423 2282 2507 gradatim

538 2516 575 2543 “
603 2508 874 2567 obtinere
903 2507 1109 2588 possit.
1183 2507 1267 2568 Et
1297 2508 1409 2568 hac
1431 2508 1658 2568 ratione
1680 2507 1889 2568 DBUM
1920 2526 1983 2567 se
2010 2528 2087 2567 ex
2117 2516 2284 2589 parte

539 2599 578 2626 “
608 2612 714 2649 sua
736 2600 1009 2671 paratum
1035 2589 1365 2660 ostendere,
1389 2589 1460 2650 ad
1485 2590 1795 2650 Christum
1818 2589 2101 2650 omnibus
2122 2610 2286 2649 reve-

537 2679 573 2708 “
603 2670 871 2746 landum,
903 2670 1391 2752 quandoquidem
1440 2671 1636 2733 media
1678 2671 1751 2733 ad
1795 2671 2023 2732 Christi
2065 2670 2287 2732 revela-

539 2754 856 2827 “'tionem,
887 2752 1094 2827 fidem,
1123 2766 1185 2813 et
1212 2754 1684 2837 resipiscentiam
1715 2753 2064 2827 necessaria,
2089 2753 2286 2814 omni-

541 2845 579 2874 “
605 2838 721 2897 bus
751 2836 1114 2897 sufficienter
1141 2847 1202 2897 et
1229 2836 1547 2898 efficaciter
1566 2836 1942 2898 administret
1961 2837 2010 2897 θ’
2037 2835 2283 2897 Falsum

543 2920 707 2981 enim
742 2919 857 2980 hoc
886 2940 1015 2979 esse
1043 2930 1256 3001 praeter
1282 2920 1559 2980 omnium
1594 2932 1938 3003 temporum
1973 2918 2284 3063 experien-

544 3003 688 3063 tiam
722 3002 1029 3085 Scriptura
1059 3012 1325 3063 testatur.
1367 3003 1519 3063 Psal.
1550 3003 1749 3065 cxlvii.
1786 3014 1881 3078 19,
1913 3014 2009 3064 20.
2080 3001 2286 3063 indicat

543 3086 726 3147 verba
766 3106 879 3145 sua
909 3083 1159 3159 Jacobo,
1185 3092 1421 3146 statuta
1458 3108 1573 3147 sua
1614 3094 1672 3147 et
1685 3085 1850 3168 jura
1888 3106 2002 3147 sua
2046 3082 2287 3159 Israeli,

545 3190 664 3229 non
680 3166 851 3251 fecit
892 3168 981 3228 ita
1018 3167 1137 3228 ulli
1163 3169 1358 3252 genti,
1388 3177 1446 3229 et
1463 3169 1627 3252 jura
1663 3169 1781 3230 ista
1821 3189 1937 3230 non
1970 3172 2286 3229 naver-uid.

545 3252 748 3312 Actor.
779 3251 897 3310 xiv.
937 3249 1027 3311 16.
1058 3250 1235 3312 Deus
1259 3252 1404 3313 sivit
1425 3252 1759 3333 precten‘tis
1783 3250 2062 3314 extalibus
2085 3260 2288 3311 omes

540 3342 755 3417 gentes
778 3333 907 3394 suis
926 3334 1198 3415 ipsarum
1226 3334 1341 3396 viis
1370 3335 1660 3396 incedere.
1689 3335 1892 3396 Actor.
1915 3332 2035 3395 xvi.
2056 3328 2286 3406 ven-6,

546 3427 604 3490 7.
635 3416 946 3477 Prohibiti
969 3425 1112 3477 sunt
1141 3416 1387 3493 (Paulus
1408 3439 1545 3479 cum
1572 3418 1720 3499 suis)
1744 3440 1782 3479 a
1806 3416 2044 3499 Spiritu
2062 3413 2286 3477 Sancto
2369 3443 2378 3451 ·

550 3498 715 3580 loqui
740 3519 1069 3560 sermonem
1099 3498 1228 3559 Dm
1259 3500 1321 3561 in
1353 3501 1525 3562 Asia.
1612 3501 1714 3574 Et,
1750 3500 1958 3566 Quum
1989 3503 2285 3560 mutent

548 3580 609 3639 in
635 3581 924 3662 Mysiam,
947 3582 1260 3643 tentabant
1287 3583 1382 3643 ire
1406 3605 1619 3645 versus
1643 3582 2021 3663 Bithyniam,
2038 3577 2150 3638 sed
2165 3598 2282 3639 non

536 3664 810 3741 pet-misit
841 3664 926 3723 eis
957 3665 1246 3743 Spiritus,

1391 2260 1540 2333 ictis,
1584 2273 1709 2321 tam
1755 2271 1912 2321 reete
1955 2258 2042 2319 uti
2085 2279 2300 2342 posse,.

2406 2732 2418 3077 ι-*ΛΠΜ
2407 2519 2418 2709 4,-4-Η
2414 2408 2418 2443 .-.
