2418 4172
537 408 542 411 .
565 364 669 419 DE
709 367 1281 422 CONVERSIONIS
1322 370 1561 422 MODO.
1825 371 1930 422 485

954 509 1065 571 vl.

266 586 389 655 Qui
432 587 669 663 docent,
703 598 741 626 “
768 591 838 652 ln
885 613 1017 652 vera
1064 592 1323 652 hominis
1367 592 1768 662 conversione,
1799 615 1917 652 non

465 693 648 732 novas
692 673 1028 753 qualitates,
1069 675 1326 746 habitus,
1364 695 1468 733 seu
1511 672 1667 733 dona
1715 674 1772 732 in
1819 697 1922 733 vo-

181 757 220 785 “
273 761 540 814 untatem
585 754 713 833 ejus
757 776 790 813 a
827 755 964 814 Deo
1008 755 1260 827 infundi,
1302 768 1482 835 atque
1525 755 1674 815 adeo
1719 755 1920 824 fidem,

178 838 218 867 “
246 853 367 912 qua
394 835 657 916 primum
690 836 1108 909 convertimur,
1127 848 1189 895 et
1217 858 1250 896 a
1279 858 1398 916 qua
1420 836 1623 897 fideles
1648 839 1918 897 nomina-

180 921 220 950 “
249 934 404 989 mur,
432 938 551 976 non
580 938 708 975 esse
737 917 1087 996 qualitatem
1121 940 1223 977 seu
1254 918 1480 978 donum
1524 942 1557 979 a
1586 919 1722 978 Deo
1763 920 1915 979 infu-

179 1000 416 1064 “sumz
474 997 575 1057 sed
634 1009 871 1058 tantum
921 1012 1123 1059 actum
1178 1000 1459 1073 bominis,
1502 1023 1696 1081 neque
1753 1002 1921 1061 aliter

177 1074 468 1139 “donum
514 1078 632 1140 dici
685 1102 876 1162 posse,
918 1103 1099 1161 quam
1157 1096 1430 1175 respectu
1489 1084 1797 1165 potestatis
1845 1084 1918 1143 ad

178 1157 440 1241 “ipsam
478 1162 914 1253 perveniendi.”
983 1165 1419 1226 contradicunt
1446 1167 1605 1225 enim
1655 1166 1782 1226 haec
1828 1189 1919 1224 sa-

179 1240 295 1302 cris
342 1241 543 1317 literis,
589 1266 724 1325 quae
782 1256 1072 1307 testantur
1114 1246 1319 1307 Dl-:UM
1373 1269 1553 1307 novas
1602 1248 1918 1328 qualitates

180 1321 344 1398 fidei,
369 1325 743 1399 obedientiae,
772 1350 841 1387 ac
870 1350 1076 1388 sensus
1106 1330 1324 1390 amoris
1355 1331 1442 1390 sui
1475 1331 1752 1390 cordibus
1783 1353 1921 1390 nos-

180 1405 289 1466 tris
352 1405 685 1469 infundere.
767 1410 1049 1471 Jercmiae
1087 1413 1253 1472 xxxi.
1292 1422 1394 1473 33.
1451 1413 1666 1473 Indum
1728 1413 1921 1494 legem

180 1508 375 1550 meam
403 1491 592 1551 menti
620 1513 845 1564 eorum,
874 1514 948 1553 oc
976 1494 1143 1553 cordi
1171 1515 1371 1555 eorum
1412 1495 1734 1556 inscribam
1770 1517 1920 1557 eam.

179 1567 380 1632 Esaiae
409 1572 549 1633 xliv.
575 1583 636 1634 3.
673 1572 1012 1657 Effundam
1057 1596 1251 1672 aquas
1290 1597 1474 1658 super
1512 1579 1832 1650 sitientem,
1863 1587 1924 1638 et

159 1648 419 1735 fluenta
456 1676 643 1736 super·
682 1656 961 1725 aridam,·
1022 1657 1336 1740 effundam
1380 1660 1682 1739 Spiritum
1725 1681 1923 1720 meum

388 1757 588 1798 semen
616 1746 806 1799 tuum.
856 1738 1036 1799 Rom.
1065 1762 1119 1800 v.
1150 1752 1207 1800 5.
1233 1740 1524 1801 Charitas
1559 1742 1684 1801 Dei
1722 1741 1923 1825 eff'usa

182 1825 275 1879 out
315 1818 381 1879 in
421 1819 699 1880 cordibus
733 1820 958 1881 nostris
989 1842 1104 1901 per
1137 1821 1439 1902 Spiritum
1471 1823 1787 1897 Sanctum,
1819 1826 1927 1906 qui

180 1898 365 1962 datus
405 1909 498 1962 est
537 1902 745 1963 nobis:
804 1915 1143 1985 repugnant
1184 1905 1363 1964 etiam
1410 1906 1709 1967 continuae
1754 1908 1922 1989 praxi

181 1981 491 2054 Ecclesiae,
520 1985 606 2044 sic
634 1984 791 2066 apud
823 1986 1180 2066 prophetam
1210 1987 1454 2059 orantis,
1490 1989 1787 2049 Converte
1813 2011 1924 2062 me,

186 2064 475 2139 Domine,
503 2074 562 2126 et
590 2074 925 2127 convertar.
951 2068 1179 2128 Jerem.
1208 2069 1373 2128 xxxi.
1404 2090 1550 2129 vers,
1587 2081 1678 2131 18.

968 2149 1114 2211 vn.

272 2232 394 2301 Qui
418 2232 656 2306 docent,
677 2240 712 2268 “
733 2232 1028 2307 Gratiam,
1045 2255 1163 2315 qua
1185 2236 1591 2296 convertimur
1611 2235 1683 2295 ad
1702 2235 1929 2307 Deum,

183 2321 223 2350 ‘⁴
251 2314 403 2375 nihil
444 2314 605 2375 aiiud
639 2337 768 2375 esse
805 2338 989 2396 quam
1020 2316 1220 2377 lenem
1250 2318 1627 2387 suasionem;
1673 2320 1807 2378 seu”
1837 2321 1931 2392 (ut

188 2396 288 2457 alii
345 2397 675 2479 explicant)
725 2399 1224 2459 “nobilissimum
1285 2399 1498 2482 agendi
1558 2399 1807 2460 modum
1866 2402 1926 2460 in

185 2484 223 2514 “
250 2478 636 2540 conversione
682 2479 963 2553 hominis,
1006 2493 1068 2541 et
1111 2493 1337 2543 naturae
1386 2482 1667 2542 bumanae
1717 2505 1931 2543 conve-

185 2566 227 2597 “
251 2561 698 2622 nientissimum
738 2584 885 2636 esse,
913 2564 1016 2643 qui
1057 2565 1166 2624 fiat
1202 2565 1611 2634 suasionibus;
1660 2565 1931 2645 nihilque

184 2650 224 2679 “
251 2644 487 2705 obstare
528 2666 652 2724 quo
694 2644 894 2705 minus
935 2646 1030 2705 vel
1073 2647 1197 2706 sola
1242 2646 1480 2707 moralis
1518 2648 1709 2728 gratia
1741 2648 1932 2707 homi-

187 2732 227 2761 “
253 2747 362 2787 nes
404 2726 691 2787 animales
735 2726 944 2788 reddat
984 2729 1353 2811 spirituales;
1399 2730 1523 2789 imo
1556 2729 1762 2789 Deum
1811 2752 1931 2789 non

188 2807 427 2869 “aliter
468 2829 651 2889 quam
696 2809 906 2870 morali
951 2811 1178 2872 ratione
1221 2833 1579 2871 consensum
1608 2812 1930 2872 voluntatis

189 2897 228 2927 “
254 2890 620 2973 producere:
665 2902 844 2971 atque
887 2891 948 2951 in
991 2914 1064 2953 eo
1105 2894 1427 2954 consistere
1454 2894 1815 2976 operationis
1843 2894 1933 2955 di-

189 2979 228 3009 “
254 2973 411 3034 vinoe
438 2972 787 3046 efficaciam,
814 2995 934 3054 qua
962 2974 1197 3036 Satanoe
1227 2976 1632 3058 operationem
1671 2989 1929 3059 superet,

189 3061 230 3091 “
257 3055 421 3136 quod
450 3055 622 3116 Deus
660 3053 880 3117 oeterfla
917 3057 1090 3129 bona,
1115 3059 1300 3119 Satan
1339 3070 1539 3119 autem
1576 3059 1935 3142 temporaria

191 3146 232 3175 “
258 3138 624 3220 promittat.”
696 3138 965 3199 Omnino
1011 3140 1174 3202 enim
1228 3142 1343 3200 boc
1388 3141 1771 3221 pelagianum
1826 3153 1934 3216 est,

192 3230 256 3279 et
282 3221 572 3280 universoe
600 3220 923 3303 Scripturae
950 3223 1246 3283 contrariu
1258 3245 1337 3294 m,
1366 3246 1501 3303 quae
1532 3235 1743 3304 praeter
1772 3224 1935 3285 hunc
1989 3287 1995 3291 ,

193 3300 374 3362 etiam
434 3302 641 3376 alium,
683 3317 746 3363 et
802 3303 978 3384 longe
1033 3305 1423 3367 efficaciorem
1472 3327 1540 3366 ac
1581 3306 1931 3369 diviniorem

194 3383 454 3465 Spiritus
497 3386 701 3446 Sancti
747 3408 780 3445 a
822 3386 958 3446 endi
1006 3386 1276 3462 modum,
1308 3388 1366 3448 in
1404 3388 1666 3448 hominis
1694 3411 1937 3451 conver-

195 3465 365 3526 sione
409 3467 695 3548 agnoscit'.
947 3469 1006 3529 h.
1035 3470 1236 3530 xxxvi.
1266 3469 1365 3531 26.
1412 3470 1595 3531 Dabo
1636 3472 1799 3533 vobis
1835 3495 1938 3534 cor

195 3568 413 3622 meum,
443 3559 502 3610 et
543 3550 827 3631 spiritum
864 3573 1081 3612 novum
1120 3552 1271 3613 dabo
1309 3554 1373 3614 in
1410 3553 1604 3614 medio
1642 3554 1850 3629 vestri,
1878 3565 1938 3617 et

199 3629 482 3712 auferam
514 3654 614 3693 cor
643 3632 965 3713 lapideum,
993 3633 1264 3777 dafboque
1292 3658 1394 3697 cor
1422 3658 1726 3716 cametgm,
1755 3639 1866 3699 &c.

1000 3737 1034 3777 1?
1115 3731 1149 3778 2
1647 3730 1684 3746 '
