2418 4172
480 354 552 405 22
1106 350 1600 405 CONFESSIO

483 514 726 556 manam
771 494 1163 578 assumpserit
1205 505 1503 567 naturam,
1540 514 1662 553 non
1712 492 1845 553 ideo
1890 503 2093 553 tamen
2138 512 2231 553 as·

482 577 762 661 sumpsit,
802 589 869 638 ut
913 590 1134 660 typum
1179 576 1486 660 praeferret
1524 576 1822 637 statuariis
1874 586 2060 658 atque
2103 573 2231 657 pic-

484 662 728 723 toribus.
814 659 1079 742 Negavit
1121 682 1182 719 se
1232 660 1466 720 venisse
1509 658 1583 719 ad
1630 658 1985 719 solvendum
2033 658 2229 741 legem

484 755 548 805 et
591 743 933 826 prophetas.
1000 743 1182 803 Matt.
1214 765 1269 803 v.
1353 743 1438 803 At
1485 742 1615 823 lege
1658 758 1716 801 et
1755 741 2066 824 prophetis
2096 762 2232 824 pro·

486 827 694 887 hibitae
740 838 879 886 sunt
925 826 1233 906 imagines.
1306 824 1491 884 Deut.
1523 826 1596 884 iv.
1645 825 1759 886 lsa.
1790 825 1871 885 xl.
1965 824 2231 905 Negavit

483 912 850 992 corporalem
885 931 1053 969 suam
1088 908 1374 968 Ecclesiae
1411 908 1779 989 profuturam
1816 907 2229 989 praesentiam:

482 994 707 1075 Spiritu
755 1014 863 1052 suo
908 1015 970 1051 se
1014 993 1189 1051 nobis
1232 1003 1523 1073 perpetuo
1567 990 1890 1050 affuturum
1936 989 2230 1072 promisit.

482 1077 663 1138 Joan.
693 1074 812 1135 xvi.
859 1087 894 1135 2
926 1075 1064 1134 Cor.
1088 1096 1141 1135 v.
1229 1074 1383 1142 Quis
1439 1095 1583 1153 crgo
1639 1073 1903 1133 crederet
1954 1074 2229 1133 umbram

482 1159 577 1219 vel
608 1157 1041 1219 simulachrum
1073 1156 1334 1238 corporis
1365 1156 1625 1235 aliquam
1668 1155 1936 1226 conferre
1964 1155 2081 1239 piis
2116 1154 2236 1216 uti-

481 1240 754 1302 litatem?
811 1237 1094 1320 Cumque
1152 1251 1394 1298 maneat
1444 1238 1505 1297 in
1555 1236 1730 1297 nobis
1786 1259 1895 1319 per
1936 1238 2231 1321 Spiritum

485 1345 682 1397 suum,
704 1344 912 1383 sumus
941 1323 1151 1402 utique
1178 1320 1408 1402 templa
1428 1319 1569 1380 Dei.
1609 1330 1630 1378 l
1658 1319 1797 1379 Cor.
1823 1318 1907 1379 iii.
1936 1320 2133 1382 2Cor.
2153 1321 2232 1381 vi.

484 1405 648 1475 Quid
681 1416 880 1466 autem
921 1403 1205 1464 convenit
1231 1402 1463 1485 templo
1493 1400 1614 1462 Dei
1645 1423 1783 1462 cum
1817 1401 2235 1463 simulachris?

483 1489 567 1549 Et
615 1486 859 1569 quando
904 1486 1060 1547 beati
1092 1486 1350 1568 Spiritus
1390 1507 1460 1545 ac
1505 1483 1628 1545 divi
1665 1484 1919 1559 coelites,
1944 1483 2094 1546 dum
2132 1485 2235 1547 hic

485 1571 768 1646 viverent,
803 1592 1047 1630 omnem
1095 1570 1329 1631 cultum
1374 1567 1464 1629 sui
1507 1579 1867 1642 averterunt,
1905 1578 1967 1628 et
2007 1578 2236 1630 statuas

482 1665 930 1749 oppugnarunt,
957 1653 1095 1713 Act.
1124 1652 1204 1713 iii.
1234 1652 1352 1712 xiv.
1392 1652 1583 1732 Apoc.
1612 1651 1729 1710 xiv.
1761 1650 1908 1711 xxii.
1954 1651 2053 1712 cui
2081 1651 2235 1712 veri·

484 1738 680 1799 simile
716 1736 988 1797 videatur
1029 1735 1184 1796 divis
1226 1733 1531 1796 coelitibus
1574 1746 1634 1793 et
1672 1734 1899 1815 angelis
1942 1755 2078 1795 suas
2106 1735 2236 1817 pla-

483 1843 615 1882 cere
645 1819 957 1902 imagines,
986 1818 1061 1879 ad
1106 1841 1255 1899 quas
1295 1839 1493 1899 genua
1528 1819 1778 1878 flectunt
1810 1816 2104 1892 homines,
2130 1817 2236 1879 de-

486 1915 699 1986 tegunt
726 1903 943 1985 capita,
973 1902 1226 1982 aliisque
1257 1911 1703 1983 prosequuntur
1734 1899 2100 1961 honoribus?

571 1986 660 2048 Ut
703 2008 843 2047 vero
896 1986 1285 2045 instituantur
1335 1983 1611 2043 homines
1671 1982 1731 2043 in
1778 1982 2087 2066 religione,
2129 1982 2235 2045 ad-

485 2082 962 2150 moneanturque
991 2089 1187 2128 rerum
1218 2066 1554 2126 divinarum
1586 2076 1646 2126 et
1675 2065 1882 2126 salutis
1911 2086 2056 2140 suoe,
2082 2088 2237 2150 prae-

483 2152 683 2215 dicare
713 2151 898 2232 jussit
935 2150 1337 2231 Evangelium
1378 2148 1706 2223 Dominus,
1738 2149 1933 2210 Marci
1962 2169 2082 2211 xvi.
2111 2170 2235 2211 non
2317 2182 2321 2185 ·

485 2237 731 2318 pingere
761 2246 822 2295 et
859 2233 1092 2316 pictura
1131 2233 1313 2294 laicos
1354 2232 1624 2292 erudire:
1667 2235 2056 2294 Sacramenta
2083 2254 2236 2313 quo-

487 2341 605 2400 que
635 2317 914 2391 instituit,
945 2317 1159 2377 nullibi
1191 2327 1415 2376 statuas
1446 2315 1777 2375 constituit.
1863 2315 1983 2376 Sed
2012 2326 2074 2375 et
2102 2338 2238 2399 pas-

487 2403 601 2462 sim
632 2423 879 2495 quoquo
906 2415 1207 2459 vertamus
1237 2398 1462 2470 oculos,
1491 2409 1812 2458 occurrunt
1840 2420 1932 2458 res
1961 2410 2171 2459 creatae
2201 2421 2237 2459 a

488 2484 628 2545 Deo
656 2506 806 2544 vivoe
836 2494 898 2543 et
926 2503 1078 2542 veroe
1123 2482 1184 2541 in
1226 2482 1434 2541 oculos
1482 2492 1734 2555 nostros,
1771 2501 1907 2561 quoe
1943 2481 1991 2541 si
2035 2482 2237 2542 obser·
2322 2521 2346 2539 .

489 2578 720 2639 ventur,
743 2577 810 2626 ut
839 2587 947 2648 par
968 2576 1076 2638 est,
1095 2564 1272 2646 longe
1294 2562 1628 2624 evidentius
1653 2575 1899 2624 movent
1926 2575 2238 2658 aspectan-

489 2663 633 2720 tem,
662 2671 842 2729 quam
888 2670 1099 2708 omnes
1138 2647 1411 2707 omnium
1458 2646 1772 2707 hominum
1821 2647 2112 2730 imagines
2142 2648 2237 2709 vel

533 2733 735 2793 icturae
780 2753 965 2804 vanae,
1009 2730 1370 2802 immobiles,
1417 2728 1693 2790 marcidoe
1736 2742 1917 2811 atque
1961 2743 2235 2792 mortuae.

487 2756 586 2877 Ee
627 2814 849 2896 quibus
890 2835 1024 2873 vere
1062 2813 1218 2874 dixit
1247 2813 1560 2896 propheta,
1592 2812 1812 2875 Psalm.
1842 2835 1974 2874 cxv.
2012 2812 2238 2876 Oculos

486 2898 727 2970 habent,
779 2904 840 2958 et
896 2918 1015 2958 non
1068 2896 1288 2968 vident,
1346 2898 1454 2957 &tu
1542 2894 1777 2956 ldcirco
1831 2897 2236 2979 approbamus

487 2980 787 3043 Lactantii
860 2979 1071 3040 veteris
1143 2979 1444 3073 scriptoris
1502 2978 1883 3053 sententiam,
1937 2978 2235 3050 dicentis;

487 3074 522 3100 “
553 3064 698 3125 Non
748 3074 841 3124 est
875 3062 1129 3124 dubium
1184 3084 1332 3143 qum
1376 3060 1584 3142 religio
1638 3061 1802 3122 nulla
1837 3061 1935 3134 sit,
1983 3060 2239 3123 ubicun-

486 3158 520 3184 “
553 3169 670 3229 que
702 3145 1136 3207 simulachrum
1168 3145 1307 3206 est.”
1393 3144 1581 3205 Recte
1612 3144 1756 3205 item
1790 3143 2001 3206 secisse
2030 3145 2236 3207 asseri-

491 3253 623 3291 mus
664 3231 906 3290 beatum
946 3227 1297 3311 episcopum
1321 3226 1762 3311 Epiphanium,
1784 3227 1887 3321 qui
1920 3227 1981 3288 in
2008 3227 2236 3290 foribus

490 3312 780 3374 Ecclesiae
824 3311 1133 3373 inveniens
1172 3311 1393 3384 velum,
1425 3311 1652 3372 habens
1686 3309 1993 3405 depictam
2026 3309 2237 3392 imagi-

490 3418 650 3468 nem,
688 3399 855 3475 quasi
903 3394 1128 3456 Christi
1173 3394 1266 3455 vel
1309 3393 1498 3455 sancti
1543 3393 1903 3478 cujuspiam,
1930 3392 2113 3455 ‘scidit
2149 3406 2237 3454 at-

489 3500 608 3559 que
633 3478 904 3538 sustulit:
929 3477 1091 3559 quod
1114 3489 1320 3540 contra
1342 3477 1768 3539 authoritatem
1789 3476 2230 3558 Scripturarum

486 3560 732 3621 vidisset
771 3560 831 3619 in
863 3561 1135 3622 Ecclesia
1164 3561 1388 3622 Christi
1423 3560 1686 3622 hominis
1723 3557 1983 3643 pendere
2020 3557 2236 3642 imagi-

490 3664 650 3704 nem.
734 3641 1002 3722 Ideoque
1035 3643 1417 3725 praecipiebat
1451 3666 1525 3704 ne
1556 3642 1839 3724 deinceps
1871 3641 1930 3702 in
1962 3640 2234 3704 Ecclesia

2411 3882 2418 4172 ..n—..„——.—.-.-
2413 3772 2418 3862 —--.
2414 3732 2418 3740 .
2416 3692 2418 3699 „
