2418 4172
216 662 787 731 fflDERJCUS
826 662 955 727 Dea·
997 661 1228 726 Gratia
1256 659 1591 725 Palatinus
1617 657 1837 737 Rheni,
1885 683 1959 724 ac

299 747 467 811 sacri
481 747 735 829 Imperii
751 746 927 808 Rom.
937 742 1369 819 Elector-‚Dux
1385 741 1689 818 Bonan-ia,
1709 740 1818 823 83⁶.
1837 764 1960 805 ons-

300 830 480 893 m‘bus
511 828 727 915 quibus
768 828 1077 889 commissa
1114 833 1205 888 est
1247 847 1396 888 cura
1429 822 1869 902 Ecclesioeum,
1899 835 1959 888 et

299 911 679 986 &thalui-um,
707 932 836 994 qua
862 917 1006 972 sunt
1033 909 1099 970 in
1120 907 1508 984 Palatinam,
1536 906 1600 970 S.
1619 908 1709 970 D.

211 1007 732 1102 POSTQUAM,
774 1026 920 1108 quid
965 1028 1156 1087 nostri
1206 1027 1284 1087 sit
1331 1024 1616 1100 muneris,
1660 1046 1736 1085 ex
1779 1025 1961 1085 verbo

214 1110 360 1186 Dei,
395 1121 575 1192 atque
617 1130 694 1172 ex
739 1122 955 1171 natura
995 1109 1126 1191 ipsa
1170 1108 1583 1191 cognovimus,
1626 1129 1855 1189 nosque
1898 1108 1958 1166 in

214 1215 308 1268 eo,
357 1193 375 1255 i
423 1193 473 1254 si
531 1192 934 1275 potissimum,
976 1193 1079 1273 qui
1132 1191 1192 1252 id
1245 1191 1418 1252 nobis
1469 1190 1776 1273 imposuit,
1823 1190 1962 1251 Deo

216 1275 366 1360 opt.
473 1296 565 1337 ax.
597 1297 801 1357 parere
842 1286 1151 1358 oportere:
1200 1274 1520 1335 statuimus
1565 1285 1633 1333 ut
1674 1273 1824 1333 nibil
1869 1294 1963 1333 es-

216 1360 417 1433 aet,‚in
444 1380 567 1440 quo
597 1371 723 1419 tam
767 1358 826 1418 in
868 1358 1144 1418 universa
1171 1357 1294 1418 vita
1322 1356 1745 1428 laboraremus,
1775 1377 1956 1436 quam

215 1452 286 1503 ut
325 1452 389 1502 et
428 1452 646 1502 nostrae
689 1438 1070 1501 conscientiae
1112 1439 1604 1511 satisfaceremus,
1631 1449 1696 1498 et
1732 1450 1964 1498 nostro-

215 1544 349 1585 rum
378 1522 576 1597 saluti,
602 1534 895 1603 quantum
928 1522 992 1582 in
1021 1522 1196 1583 nobis
1223 1534 1398 1596 esset,
1425 1521 1889 1582 consuleremus.

299 1605 460 1667 Cum
491 1617 691 1666 autem
722 1626 846 1664 non
883 1604 1027 1665 satis
1051 1626 1182 1665 esse
1213 1604 1713 1676 existimaremus,
1739 1624 1848 1662 nos
1877 1602 1962 1662 ita

216 1687 467 1749 oonsilio
500 1698 563 1747 et
601 1686 831 1747 ratione
847 1686 1148 1765 justitiam
1186 1685 1619 1758 administrare,
1646 1695 1716 1745 ut
1742 1694 1961 1744 nostrae

215 1768 359 1831 fidei
397 1768 706 1830 commissi
831 1768 981 1850 puli,
1014 1767 1118 1847 jus
1154 1778 1217 1827 et
1259 1766 1636 1827 honestatem
1681 1765 1965 1839 colentes,

218 1850 456 1935 placide
481 1861 614 1912 tran
660 1790 925 1931 uilffime
953 1851 1240 1923 viverent,
1267 1848 1383 1909 nisi
1421 1870 1495 1908 eo
1534 1847 1717 1909 etiam
1749 1848 1966 1931 perdu-

217 1944 512 2009 cerentur,
531 1945 602 1995 ut
694 1955 835 1994 eum
854 1932 1202 1993 Creatorem
1233 1953 1411 1992 suum
1433 1954 1503 1992 ac
1532 1930 1962 1992 Redemtorem

218 2038 299 2078 ex
333 2017 519 2077 verbo
562 2016 752 2097 ipsius
797 2025 958 2076 recte
1004 2024 1468 2096 cognoscerent3
1520 2014 1689 2093 (nam
1735 2012 1798 2073 id
1834 2013 1967 2074 uni-

220 2119 363 2159 cum
391 2109 486 2158 est
514 2099 759 2159 firmum
790 2097 1253 2158 fundamentum
1294 2118 1434 2157 cum
1464 2107 1811 2157 caeterarum
1844 2097 1963 2157 vir-

219 2191 445 2254 tutum,
472 2193 605 2240 tum
634 2180 727 2240 vel
772 2179 1036 2240 maxime
1076 2178 1274 2239 omnis
1315 2178 1673 2239 obedientiae
1715 2189 1778 2238 et
1812 2200 1966 2239 verae

221 2285 363 2345 erga
394 2262 600 2324 Deum
637 2262 875 2344 pietatis
895 2265 940 2342 ς)
979 2262 1279 2344 coepimus
1317 2271 1447 2321 toto
1489 2261 1694 2321 animo
1735 2260 1811 2320 de
1853 2262 1968 2321 ista

221 2367 286 2407 re
326 2345 609 2427 cogitare,
637 2345 791 2405 nihil
833 2345 1142 2427 cupientes
1184 2343 1658 2426 praetermittere,
1687 2342 1850 2423 quod
1890 2342 1967 2403 ad

221 2449 356 2489 eam
399 2426 855 2500 beatitudinem,
889 2438 1021 2488 tum
1066 2425 1414 2509 parandam,
1442 2435 1573 2486 tum
1617 2447 1970 2487 conservan-

222 2509 365 2572 dam
392 2509 736 2593 pertineret.
820 2507 955 2570 Etsi
986 2520 1187 2571 autem
1226 2518 1288 2569 et
1323 2509 1400 2568 ab
1438 2507 1531 2583 iis,
1557 2507 1662 2588 qui
1693 2529 1804 2568 nos
1832 2530 1969 2590 pro-

224 2588 390 2654 xime
446 2602 913 2665 antecesserunt,
971 2590 1240 2675 cognatis
1297 2590 1511 2651 nostris
1559 2590 1842 2652 Palatinis
1899 2612 1969 2651 ac

225 2674 604 2736 Electoribus
635 2678 919 2755 (quorum
947 2673 1298 2735 memoriam
1322 2694 1462 2733 cum
1487 2694 1689 2734 amore
1719 2684 1780 2733 et
1807 2694 1968 2733 reve-

227 2757 420 2817 rentia
446 2760 835 2839 usurpamus)
858 2758 1019 2818 varia
1046 2756 1273 2817 utiliter
1292 2766 1354 2816 et
1381 2755 1480 2838 pie
1509 2755 1782 2816 instituta
1812 2767 1970 2830 sunt,

229 2837 304 2899 ad
332 2838 583 2920 gloriam
612 2839 734 2899 Dei
767 2838 1201 2912 illustrandam,
1229 2849 1291 2899 et
1326 2838 1620 2931 populum
1666 2838 1727 2897 in
1772 2837 1971 2898 officio

228 2919 649 2981 retinendum:
691 2932 891 2981 tamen
923 2933 991 2983 ut
1019 2922 1131 3004 ipsi
1162 2922 1224 2981 in
1255 2920 1551 3002 principio
1589 2919 1971 3012 gubernatio·

230 3002 324 3063 nis
366 3014 581 3063 nostrae
622 3004 851 3085 experti
897 3026 1122 3078 sumus,
1150 3025 1270 3063 non
1310 3025 1380 3062 ea
1419 3002 1689 3062 adhibita
1717 3012 1808 3061 est
1834 3000 1972 3061 dili-

231 3084 431 3167 gentia
459 3083 521 3144 in
550 3085 670 3145 illis
697 3085 1085 3166 exequendis,
1114 3098 1176 3146 et
1205 3084 1279 3145 ad
1311 3085 1631 3145 utilitatem
1662 3083 1970 3166 publicam

231 3166 775 3241 accommodandis,
801 3189 982 3248 quam
1027 3190 1136 3251 par
1162 3169 1355 3227 fuerat
1397 3166 1458 3226 in
1498 3188 1561 3226 re
1597 3178 1764 3226 tanta
1798 3165 1969 3227 adhi-

232 3249 376 3310 beri.
447 3249 745 3316 Quocirca
784 3250 1034 3311 minime
1063 3250 1283 3310 mirum
1314 3260 1424 3323 est,
1452 3248 1499 3308 si
1530 3248 1591 3322 ii,
1661 3248 1720 3309 ui
1752 3249 1972 3331 sperati

232 3342 403 3392 erant
450 3331 696 3405 fructus,
738 3332 963 3414 percipi
1015 3353 1137 3392 non
1191 3341 1532 3415 potuerunt.
1692 3331 1741 3391 is
1795 3332 1973 3393 rebus

231 3414 488 3506 permoti
520 3435 747 3488 sumus,
776 3425 844 3474 ut
871 3436 996 3474 non
1025 3413 1219 3474 solum
1250 3434 1385 3493 quae
1412 3413 1488 3472 ab
1522 3412 1666 3495 ipsis
1696 3423 1853 3474 recte
1881 3414 1974 3475 in-

234 3507 443 3557 sututa
469 3508 684 3570 essent,
709 3516 1119 3557 revocaremus
1149 3516 1218 3556 ac
1246 3494 1723 3556 restitueremus:
1762 3517 1971 3558 verum

234 3577 437 3651 etiam,
466 3590 552 3653 ut,
579 3601 715 3659 quae
754 3578 953 3639 minus
990 3579 1163 3639 firma
1202 3589 1420 3652 essent,
1446 3577 1809 3653 fulciremus,
1836 3600 1972 3663 quae

231 3681 373 3722 vero
411 3672 689 3744 corrupta
729 3671 790 3722 et
826 3660 1146 3745 depravata
1183 3671 1383 3722 essent
1417 3682 1489 3721 ea
1514 3659 1971 3724 emendaremus
2005 3688 2013 3692 ·

1024 3753 1190 3804 Aa3
1619 3749 1674 3785 Ἃ
