2418 4172
544 370 650 421 430
834 367 947 421 111.
988 367 1089 421 ET
1129 368 1225 421 IV.
1266 368 1688 422 Doc'rmNAE
1729 370 2007 434 CAPUT,

1350 510 1467 571 XI.

544 642 546 645 .
624 591 944 667 Caeterum,
973 592 1213 674 quando
1244 592 1413 653 Deus
1459 592 1573 653 hoc
1616 614 1792 653 suum
1835 593 2277 675 beneplacitum

541 675 603 735 in
634 674 836 736 electis
871 675 1205 755 exequitur,
1235 698 1338 735 seu
1366 696 1567 734 veram
1614 675 1674 734 in
1716 675 1787 735 iis
1828 676 2278 737 conversionem

539 768 835 850 operatur,
863 780 983 817 non
1011 768 1248 818 tantum
1279 756 1676 837 Evangelium
1719 756 1834 816 illis
1863 768 2108 818 externe
2133 778 2284 840 pne-

538 838 722 900 dicari
755 851 943 912 curat,
970 850 1032 899 et
1076 851 1340 900 mentem
1385 860 1589 898 eorum
1638 860 1744 920 per
1772 839 2068 931 Spiritum
2096 839 2284 901 Sano-

539 932 668 982 tum
715 933 991 1004 potenter
1020 921 1338 993 illuminat,
1367 931 1432 980 ut
1464 933 1620 981 recte
1652 920 1988 1002 intelligant
2026 932 2090 981 et
2125 920 2283 1001 diju-

538 1002 741 1064 dicent
790 1025 923 1084 quae
974 1015 1114 1063 sunt
1155 1002 1412 1095 Spiritus
1459 1002 1598 1075 Dei,
1639 1002 1742 1062 sed
1786 1003 2052 1082 ejusdem
2097 1002 2279 1065 etiam

538 1083 796 1167 Spiritus
854 1096 1254 1164 regenerantis
1310 1083 1574 1144 efficacia
1623 1083 1696 1144 ad
1756 1084 1971 1146 intima
2018 1083 2281 1146 hominis

538 1178 829 1249 penetrat,
850 1187 953 1225 cor
980 1165 1251 1226 clausum
1284 1164 1493 1246 aperit,
1514 1164 1731 1226 durum
1761 1166 2013 1239 emollit,
2041 1188 2085 1248 p
2211 1188 2283 1228 u·-

538 1248 753 1308 tiatum
785 1246 1183 1320 circumcidit,
1205 1247 1494 1306 voluntati
1527 1267 1710 1306 novas
1735 1247 2051 1327 qualitates
2080 1249 2142 1308 in
2173 1270 2283 1310 un-

537 1328 646 1403 dit,
674 1329 936 1409 facitque
965 1350 1098 1389 eam
1130 1350 1206 1389 ex
1239 1339 1474 1388 mortua
1500 1328 1719 1402 vivam,
1746 1350 1823 1389 ex
1853 1329 2012 1389 mala
2041 1328 2283 1404 bonam,

537 1433 611 1471 ex
644 1411 884 1471 nolente
902 1411 1224 1484 volentem,
1253 1432 1328 1470 ex
1358 1410 1694 1470 refractaria
1724 1411 2104 1493 morigeram,
2130 1410 2283 1554 affl

538 1515 657 1573 que
700 1503 761 1554 et
801 1493 1041 1553 roborat
1072 1514 1227 1567 eam,
1257 1503 1342 1566 ut,
1370 1513 1479 1552 ceu
1510 1493 1684 1553 arbor
1713 1493 1888 1566 bona,
1915 1492 2145 1555 fructus

538 1597 749 1636 narum
782 1575 1086 1637 actionum
1119 1574 1617 1716 proferrgplossit.

620 1743 824 1823 Atque
863 1742 992 1802 hoec
1020 1752 1112 1801 est
1150 1741 1250 1800 illa
1289 1751 1600 1822 tantopere
1628 1740 1690 1800 in
1719 1740 2042 1823 Scripturis
2069 1739 2283 1823 praedi·

538 1835 670 1885 cata
712 1823 1100 1905 regeneratio,
1130 1844 1284 1885 nova
1321 1821 1560 1895 creati0‚
1587 1822 1894 1883 suscitatio
1937 1845 1972 1883 e
2013 1822 2281 1897 mortuis,

538 1917 600 1967 et
620 1905 964 1977 vivificatio,
992 1925 1173 1985 quam
1205 1903 1376 1963 Deus
1406 1903 1532 1963 sine
1561 1903 1755 1976 nobis,
1783 1904 1845 1964 in
1875 1904 2048 1965 nobis
2074 1925 2281 1987 opera-

538 2000 655 2049 tur.
738 1987 831 2047 Ea
867 1997 1069 2046 autem
1113 1985 1462 2065 neutiquam
1495 1985 1566 2044 fit
1594 2005 1702 2066 per
1729 1985 1917 2045 solam
1954 1986 2282 2047 forinsecus

539 2071 915 2130 insonantem
951 2066 1307 2139 doctrinam,
1338 2065 1624 2126 moralem
1672 2067 2031 2140 suasionem,
2055 2066 2150 2127 vel
2192 2077 2283 2128 ta-

539 2153 656 2212 lem
703 2149 986 2243 operandi
1028 2149 1341 2221 rationem,
1366 2159 1436 2208 ut
1476 2159 1614 2230 post
1646 2147 1766 2209 Dei
1798 2148 2021 2230 (quoad
2049 2149 2277 2233 ipsum)

538 2244 968 2316 operationem,
1007 2231 1066 2291 in
1114 2230 1375 2291 hominis
1418 2242 1715 2312 potestate
1760 2242 2283 2314 maneat-regene-

539 2317 650 2376 rari
683 2316 772 2375 vel
818 2336 938 2374 non
981 2313 1333 2396 regenerari,
1372 2312 1634 2373 converti
1674 2314 1766 2373 vel
1812 2335 1931 2374 non
1976 2313 2279 2383 eonverti;

539 2398 640 2458 sed
684 2410 777 2457 est
818 2396 995 2478 plane
1034 2394 1520 2477 supernaturalis,
1548 2394 1963 2477 potentissima
1999 2395 2178 2457 simul
2219 2407 2282 2456 et

540 2479 907 2551 suavissima,
936 2477 1242 2551 mirabilis,
1272 2498 1500 2550 arcana,
1534 2487 1594 2536 et
1638 2476 1950 2537 ineffabilis
1992 2499 2031 2536 o
2111 2477 2280 2551 ratio,

539 2562 755 2621 virtute
787 2582 911 2632 sua,
940 2558 1274 2618 secundum
1305 2558 1673 2639 Scripturam
1696 2560 1873 2638 (quse
1902 2559 1978 2618 ab
2068 2559 2280 2620 uthore

543 2642 721 2723 hujus
763 2640 1126 2723 operationis
1172 2652 1263 2699 est
1308 2639 1618 2721 inspirata)
1661 2662 1773 2700 nec
1815 2639 2131 2718 creatione,
2169 2662 2279 2703 uec

540 2735 911 2786 mortuorum
956 2721 1404 2783 resuscitatione
1450 2721 1662 2794 minor,
1700 2733 1803 2782 aut
1846 2721 2105 2796 inferior,
2131 2721 2280 2784 adeo

540 2818 610 2868 ut
656 2827 866 2867 omnes
911 2804 1016 2878 illi,
1045 2803 1105 2864 in
1149 2825 1401 2885 quorum
1448 2802 1725 2863 cordibus
1769 2802 2120 2865 admirando
2165 2804 2280 2866 hoc

542 2888 723 2950 modo
757 2887 928 2948 Deus
965 2898 1262 2968 operatur,
1290 2898 1470 2959 certo,
1498 2885 1905 2958 infallibiliter,
1933 2898 1996 2947 et
2029 2885 2276 2948 efficaci·

541 2984 631 3032 ter
672 2981 1110 3052 regenerentur,
1145 2980 1207 3029 et
1248 2980 1385 3028 actu
1428 2967 1690 3028 credant.
1775 2967 1978 3050 Atque
2015 2980 2144 3030 tum
2177 2990 2280 3029 vo-

543 3054 739 3114 luntas
773 3052 901 3132 jam
942 3063 1239 3124 renovata,
1267 3072 1387 3110 non
1429 3061 1664 3111 tantum
1698 3050 1893 3131 agitur
1918 3062 1981 3111 et
2009 3063 2281 3112 movetur

542 3158 576 3196 a
604 3135 759 3209 Deo,
788 3133 889 3195 sed
932 3157 965 3195 a
1003 3133 1142 3194 Deo
1184 3144 1334 3205 acta,
1364 3131 1487 3213 agit
1527 3145 1590 3193 et
1631 3133 1780 3215 ipsa.
1866 3132 2276 3202 Quamobrem

542 3219 723 3279 etiam
771 3217 954 3277 homo
999 3216 1124 3297 ipse
1168 3237 1272 3298 per
1300 3214 1549 3298 gratiam
1592 3214 1764 3276 istam
1806 3227 2114 3298 acceptam
2154 3236 2278 3277 cre-

541 3300 678 3361 dere
708 3311 769 3361 et
797 3299 1138 3381 resipiscere
1167 3308 1325 3358 recte
1355 3296 1590 3358 dicitur.

1321 3379 1507 3441 XIII.

628 3461 884 3523 Modum
922 3462 1097 3541 hujus
1125 3461 1485 3545 operationis
1509 3460 1712 3522 fideles
1742 3462 1801 3522 in
1828 3462 1941 3523 hac
1956 3461 2080 3523 vita
2099 3458 2275 3551 plene

543 3543 1046 3626 comprehendere
1076 3566 1193 3605 non
1226 3557 1510 3627 possunt;
1555 3544 1614 3604 in
1647 3566 1720 3605 oo
1748 3543 1982 3609 interim
2012 3561 2277 3621 acquies-

542 3638 761 3697 centes,
789 3625 947 3705 quod
994 3649 1098 3708 per
1137 3627 1307 3687 istam
1348 3626 1472 3687 Dm
1520 3627 1792 3707 gratiam,
1829 3647 1891 3686 se
1932 3620 2109 3684 corde
2150 3644 2275 3683 cre-
