2418 4172
870 400 1290 455 BELGICA.
1840 399 1949 459 829

207 543 353 606 istos
381 563 598 618 sacros,
626 554 689 604 et
717 565 819 605 eos
850 565 1001 625 quos
1031 542 1431 628 Apocryphos
1460 549 1709 602 vocant:
1738 552 1949 625 utpote

206 624 369 769 &od
398 626 641 722 Apocry
690 627 750 687 hi
788 626 906 709 legi
936 626 1179 708 quidem
1222 627 1283 687 in
1315 624 1583 686 Ecclesia
1613 623 1863 706 possint,
1890 637 1951 686 et

346 708 423 770 sit
470 731 544 771 ex
596 710 633 769 ιΙ
663 710 711 769 is
762 723 1008 770 eatenus
1060 709 1244 781 etiam
1291 728 1526 768 sumere
1568 705 1952 782 documenta,

207 803 504 873 quatenus
533 814 673 853 cum
705 792 869 851 libris
898 791 1199 851 canonicis
1229 799 1596 850 consonant:
1636 798 1697 848 at
1728 810 1955 871 nequa-

250 896 391 935 uam
431 896 502 935 ea
541 886 632 934 est
665 874 929 955 ipsorum
964 872 1303 946 auctoritas,
1331 883 1392 932 et
1423 870 1753 945 firmitudo,
1781 886 1847 933 ut
1877 894 1954 933 ex

208 955 448 1017 ilorum
492 954 839 1017 testimonio
886 954 1126 1036 aliquod
1170 954 1393 1037 dogma
1434 953 1510 1015 de
1553 953 1691 1028 fide,
1719 965 1781 1014 et
1822 955 1956 1015 reli-

208 1038 387 1121 gione
414 1038 776 1112 Christiana,
805 1049 968 1098 certo
1001 1038 1285 1099 constitui
1316 1037 1540 1132 possit:
1584 1047 1820 1098 tantum
1852 1039 1957 1098 ab-

206 1131 321 1264 es?
349 1133 419 1182 ut
457 1122 713 1183 aliorum
753 1121 1168 1183 auctoritatem
1211 1119 1532 1204 infringere
1562 1121 1655 1181 vel
1686 1120 1956 1182 minuere

208 1225 283 1267 va
304 1214 463 1266 eant.

292 1286 440 1348 v11.
482 1286 802 1348 Credimus
854 1297 1055 1348 autem
1111 1307 1338 1347 sacram
1391 1285 1550 1347 hauc
1599 1286 1710 1347 scri
1758 1296 1954 1348 turam

213 1369 643 1464 perfectissime
680 1391 924 1430 omnem
965 1369 1083 1431 Dei
1114 1369 1486 1430 voluntatem
1526 1390 1707 1453 comp
1732 1369 1869 1444 ecti,
1896 1380 1960 1431 et

215 1473 276 1513 in
314 1452 418 1514 illa
455 1451 694 1514 abunde
733 1475 802 1513 ea
844 1453 1050 1513 omnia
1087 1452 1308 1525 doceri,
1341 1474 1717 1534 quaecunque
1744 1453 1822 1513 ab
1852 1453 1960 1514 ho—

217 1534 481 1596 minibus
509 1535 670 1596 credi
699 1557 940 1596 necesse
969 1547 1079 1608 est,
1108 1547 1178 1595 ut
1214 1535 1469 1596 salutem
1498 1547 1959 1616 consequantur.

216 1617 434 1700 Itaque
476 1639 616 1679 cum
662 1617 785 1679 illic
826 1618 1226 1691 exactissime,
1267 1629 1329 1678 et
1368 1617 1499 1678 fuse
1539 1616 1839 1700 descripta
1881 1617 1962 1678 sit

214 1699 414 1760 omnis
462 1699 650 1760 divini
700 1700 899 1760 cultus
941 1700 1111 1773 ratio,
1153 1720 1336 1780 quam
1386 1699 1558 1760 Deus
1600 1721 1635 1760 a
1684 1699 1960 1759 fidelibus

212 1781 435 1863 exigit:
485 1781 635 1841 nulli
680 1781 997 1841 hominum
1045 1781 1346 1862 (quamvis
1389 1781 1716 1863 apostolica
1763 1780 1963 1864 digni-

215 1874 339 1925 tate
368 1863 643 1947 praedito‚
673 1886 742 1925 ac
785 1886 863 1924 ne
904 1863 1011 1924 ulli
1052 1862 1297 1945 quidem
1345 1863 1560 1946 angelo
1595 1886 1630 1924 e
1667 1864 1826 1925 coelo
1861 1863 1964 1925 de-

217 1947 420 2022 misso,
463 1959 533 2008 ut
574 1946 748 2008 divus
785 1948 1004 2008 Paulus
1047 1947 1337 2027 loquitur)
1377 1947 1467 2007 fas
1509 1958 1602 2007 est
1642 1946 1815 2008 aliter
1855 1946 1965 2008 do-

218 2051 371 2103 oere,
415 2051 600 2114 quam
642 2028 1010 2111 jampridem
1062 2029 1124 2088 in
1177 2030 1355 2090 sacris
1408 2030 1715 2112 scripturis
1764 2029 1963 2091 edocti

218 2133 445 2173 sumus.
515 2113 722 2181 Quum
753 2112 915 2172 enim
947 2111 1202 2173 vetitum
1234 2113 1329 2184 sit,
1360 2134 1437 2172 ne
1466 2113 1601 2192 quis
1631 2112 1751 2173 Dei
1779 2114 1965 2174 verbo

219 2195 544 2277 quiequam
578 2206 682 2256 aut
712 2193 912 2269 addat,
941 2205 1046 2255 aut
1073 2193 1367 2269 detrahat,
1396 2195 1538 2255 satis
1575 2217 1648 2255 eo
1689 2195 1823 2278 ipso
1862 2195 1967 2256 de-

220 2278 478 2340 claratur
513 2299 741 2339 sacram
788 2278 946 2354 hanc
986 2276 1321 2337 doctrinam
1365 2276 1649 2338 omnibus
1692 2278 1813 2338 suis
1856 2299 1969 2339 nu-

222 2361 401 2422 meris
456 2371 519 2422 et
574 2360 843 2443 partibus
899 2360 1247 2443 perfectam,
1298 2382 1368 2421 ac
1423 2361 1760 2421 absolutam
1818 2382 1967 2421 esse.

221 2442 491 2525 Ideoque
545 2465 686 2504 cum
746 2442 911 2503 hisce
966 2441 1185 2503 divinis
1242 2443 1568 2526 scripturis,
1617 2453 1798 2524 atque
1846 2442 1966 2504 Dei

219 2525 384 2587 nuda
410 2525 677 2600 veritate,
704 2525 871 2586 nulla
913 2525 1028 2586 alia
1071 2525 1411 2601 hominum,
1439 2525 1756 2607 quantavis
1799 2546 1970 2587 sanc-

220 2609 393 2671 titate
438 2609 851 2692 praeditorum,
896 2609 1153 2691 scripta:
1199 2608 1366 2669 nulia
1414 2607 1805 2683 consuetudo,
1856 2630 1969 2670 nec

224 2691 555 2753 multitudo
595 2692 751 2754 ulla:
802 2713 915 2753 nec
963 2690 1322 2773 antiquitas:
1379 2713 1576 2772 neque
1624 2702 1969 2774 temporum

224 2774 611 2856 praescriptio,
666 2794 863 2855 neque
995 2795 1304 2835 rsonarum
1364 2774 1660 2835 successio
1690 2797 1705 2833 :
1771 2795 1971 2854 neque

225 2855 479 2917 concilia
519 2857 661 2931 ulla,
699 2858 867 2918 nulla
908 2797 1170 2938 ‹iiinique
1212 2857 1529 2918 hominum
1574 2856 1829 2930 decreta,
1866 2865 1972 2916 aut

225 2950 450 3000 statuta
476 2938 1342 3022 conferenda,comparandave
1371 2949 1546 3000 sunt:
1576 2949 1787 3021 utpote
1808 2937 1973 3018 quod

227 3020 346 3082 Dei
376 3021 590 3082 veritas
620 3022 795 3083 rebus
823 3022 1106 3083 omnibus
1135 3023 1467 3084 antecellat.
1545 3020 1778 3081 Omnes
1806 3020 1971 3081 enim

229 3103 506 3165 homines
536 3116 748 3165 natura
785 3097 893 3166 sua
922 3116 1064 3165 sunt
1100 3105 1440 3179 mendaces,
1466 3115 1528 3165 et
1556 3103 1686 3186 ipsa
1710 3102 1974 3164 vanitate

227 3186 515 3247 vaniores.
601 3186 835 3247 Idcirco
862 3199 993 3248 toto
1021 3187 1225 3248 animo
1264 3187 1565 3268 rejicimus
1594 3206 1975 3267 quaecunque

228 3290 368 3330 cum
414 3268 747 3329 certissima
788 3269 902 3330 hac
943 3270 1148 3351 regula
1190 3292 1310 3330 non
1358 3269 1742 3342 conveniunt,
1780 3278 1849 3328 ut
1897 3269 1974 3330 ab

229 3351 515 3434 apostolis
544 3350 741 3412 edocti
770 3352 1016 3426 fuimus,
1044 3373 1234 3432 quum
1262 3351 1503 3412 dicunt:
1549 3350 1823 3412 Probate
1850 3352 1972 3433 spi-

229 3434 409 3505 ritus,
439 3456 521 3495 an
565 3455 638 3495 ex
666 3435 804 3496 Deo
842 3435 1008 3495 sint:
1054 3442 1114 3494 et
1153 3435 1212 3493 si
1252 3435 1389 3516 quis
1427 3435 1595 3495 venit
1635 3433 1720 3495 ad
1754 3454 1876 3509 vos,
1917 3443 1978 3498 et

232 3517 388 3579 hanc
428 3518 767 3579 doctrinam
808 3538 930 3579 non
970 3514 1198 3599 adfert,
1239 3538 1315 3577 ne
1353 3517 1608 3599 recipite
1655 3515 1831 3578 illum
1874 3516 1980 3579 do-

230 3603 539 3674 mum,&c.
571 3614 607 3661 2
626 3600 791 3662 Tim.
814 3600 895 3662 iii.
922 3609 1127 3675 1417.
1163 3611 1187 3660 l
1214 3598 1341 3660 Pet.
1364 3600 1404 3660 i.
1432 3611 1523 3661 ιι.
1557 3600 1726 3661 Prov.
1748 3620 1896 3661 ιη.
1921 3612 1979 3664 5.

234 3682 373 3745 Gal.
402 3683 485 3744 iii.
512 3696 606 3747 15.
634 3684 828 3768 Apoc.
856 3682 1003 3745 xxii.
1028 3694 1124 3744 18.
1148 3682 1329 3744 Joan.
1349 3704 1447 3745 xv.
1473 3693 1567 3744 15.
1596 3683 1735 3753 Act.
1755 3703 1858 3744 xx.
1879 3692 1977 3759 27.
2022 3684 2030 3688 “
