2418 4172
0 561 56 768 ι-

0 769 10 813 ι’

787 278 1328 331 HELVETICA.
1470 342 1474 346 .
1860 282 1922 333 εει

183 429 480 494 sanctum,
506 420 822 481 vocabitur
843 418 1041 479 Filius
1064 418 1211 479 Dei.
1297 417 1415 478 Sed
1444 427 1506 477 et
1536 418 1593 476 in
1627 420 1928 500 baptismo

185 503 432 577 Christi,
452 501 692 563 auditur
717 523 837 563 vox
866 501 1107 562 coelitus
1136 500 1332 560 delata
1362 521 1539 582 super
1567 499 1809 560 Christo
1837 502 1927 562 di-

183 608 360 656 eens;
406 584 537 646 Hic
573 594 663 646 est
691 584 890 646 Filius
927 605 1095 644 meus
1134 581 1407 644 dilectus·
1494 583 1839 663 Apparebat
1868 597 1929 644 et

182 668 444 752 Spiritus
481 667 737 728 Sanctus
767 669 827 729 in
867 667 1065 749 specie
1094 666 1411 726 columbae.
1482 664 1763 743 Cumque
1803 666 1930 746 ipse

172 750 417 832 juberet
462 750 766 844 baptizare
796 750 1122 821 Dominus,
1154 748 1339 827 jussit
1382 747 1685 829 baptizare
1725 747 1783 806 in
1826 770 1932 807 no-

181 833 349 895 mine
398 834 607 905 Patris,
655 846 716 893 ct
766 833 924 906 Filii,
975 844 1036 892 et
1091 831 1351 913 Spiritus
1398 829 1623 903 Sancti,
1672 830 1852 889 Joan.
1891 832 1928 890 i.

183 915 369 977 Matt.
396 916 602 976 xxviii.
646 916 802 976 Item
829 915 970 975 alibi
997 916 1056 975 in
1080 914 1410 995 Evangelio
1438 912 1611 985 dixit,
1631 912 1930 993 Spiritum

183 998 480 1061 Sanctum
507 1000 707 1060 mittet
735 998 933 1060 Pater
968 998 1205 1058 nomine
1234 1019 1380 1058 meo,
1468 995 1640 1056 Idem
1675 994 1927 1056 iterum:

190 1081 364 1157 Cum,
396 1082 455 1143 in
505 1082 611 1156 uit,
646 1082 879 1143 venerit
910 1080 1295 1153 Paracletus,
1331 1102 1502 1161 quem
1547 1100 1579 1138 e
1625 1100 1659 1138 ο
1691 1079 1931 1140 mittam

181 1165 349 1228 vobis
375 1186 416 1226 a
452 1103 669 1239 zaim,
699 1164 966 1247 Spiritus
1010 1164 1306 1236 ver-italia,
1342 1163 1447 1244 qui
1485 1183 1522 1221 a
1555 1100 1751 1223 [ξαίνε
1787 1184 1933 1242 pro-

185 1248 363 1323 cedit,
384 1247 490 1309 ille
531 1249 932 1309 testimonium
970 1247 1310 1328 perhibebit
1340 1246 1414 1306 de
1447 1267 1560 1318 me,
1602 1244 1781 1305 Joan.
1811 1244 1928 1304 xiv.

183 1351 283 1392 xv.
366 1331 659 1405 Breviter,
717 1331 1040 1413 recipimus
1102 1330 1448 1413 symbolum
1501 1327 1930 1411 apostolorum,

183 1412 349 1495 quod
378 1435 580 1475 veram
608 1414 781 1474 nobis
811 1413 992 1473 fidem
1026 1414 1224 1473 tradit.

267 1495 653 1557 Damnamus
673 1518 817 1577 ergo
832 1496 874 1557 J
882 1496 1084 1555 udaeos
1104 1507 1164 1555 et
1183 1494 1671 1564 Mahumetistas,
1693 1514 1933 1552 omnes-

184 1598 304 1659 que
346 1589 781 1639 sacrosanctam
834 1590 896 1637 et
946 1577 1312 1637 adorandam
1370 1576 1527 1635 hanc
1568 1575 1927 1634 Trinitatem

184 1659 688 1744 blasphemantes.
731 1659 1114 1720 Damnamus
1143 1659 1288 1719 item
1320 1679 1530 1717 omnes
1561 1657 1816 1716 haereses
1847 1668 1933 1717 at-

184 1764 304 1825 que
332 1742 643 1804 hoereticos
672 1742 956 1804 docentes
979 1742 1202 1803 Filium
1237 1753 1299 1802 et
1321 1741 1614 1824 Spiritum
1638 1740 1927 1799 Sanctum

185 1826 632 1909 nuncupatione
671 1849 799 1886 esse
828 1826 1057 1898 Deum,
1088 1827 1233 1885 item
1274 1835 1539 1884 creatum
1573 1846 1642 1883 ac
1671 1822 1930 1882 serviens

183 1920 291 1971 aut
318 1908 485 1970 alteri
515 1908 768 1970 officiale
806 1932 935 1970 esse
971 1909 1032 1968 in
1063 1908 1379 1981 Trinitate,
1409 1930 1536 1967 esse
1567 1906 1629 1965 in
1661 1928 1730 1965 ea
1765 1905 1933 1965 deni-

185 2013 304 2073 que
333 1990 647 2072 inaequaie,
680 1992 874 2072 majus
904 2004 1006 2052 aut
1037 1992 1256 2065 minua,
1286 2011 1640 2072 corporeum
1672 2000 1775 2050 aut
1804 2011 1931 2048 cor-

184 2073 468 2157 poraliter
493 2074 847 2156 effigiatum,
870 2075 1135 2135 moribus
1157 2075 1249 2134 vel
1274 2073 1581 2133 voluntate
1609 2071 1933 2144 diversum,

144 2206 153 2215 ,
186 2169 291 2219 aut
318 2156 637 2218 confusum
667 2158 761 2218 vel
791 2158 1141 2231 solitarium,
1170 2155 1340 2237 quasi
1371 2155 1559 2216 Filius
1586 2165 1647 2214 et
1673 2153 1932 2236 Spiritus

184 2239 443 2300 Sanctus
472 2239 811 2300 affectiones
838 2252 900 2301 et
915 2240 1305 2323 proprietates
1335 2241 1455 2298 sint
1483 2236 1659 2297 unius
1677 2236 1796 2297 Dei
1822 2237 1932 2296 Pa-

185 2322 325 2383 tris:
369 2333 438 2383 ut
487 2323 854 2383 monarchici
898 2332 1228 2396 senserunt,
1269 2320 1614 2392 Novatiani,
1658 2319 1932 2393 PraxeaS,

185 2404 625 2487 patripassiani,
653 2405 970 2479 SabelliuS,
999 2408 1446 2478 SamosatenuS,
1467 2402 1700 2475 Aetius,
1723 2402 1932 2462 Mace-

182 2485 419 2560 donius‚
448 2488 1117 2572 Anthropomorpbitae‚
1146 2487 1345 2562 AriuS,
1373 2496 1435 2547 et
1464 2485 1707 2546 similes,

731 2677 1384 2722 --......--

214 2838 324 2904 De
340 2838 530 2902 Idolis
555 2838 654 2900 vel
671 2835 1054 2920 Imaginibus
1076 2835 1226 2910 Dei,
1258 2834 1506 2908 Christi,
1530 2843 1588 2895 et
1616 2835 1902 2896 divorum.

1006 3022 1115 3083 IV.

190 3134 635 3229 QUONIAM
684 3114 825 3215 vero
864 3154 1035 3214 Deus
1078 3153 1337 3235 Spiritus
1376 3165 1468 3214 est
1515 3153 1829 3213 invisibilis
1872 3164 1934 3214 et

187 3239 484 3300 immensa
512 3237 788 3308 essentia,
806 3259 924 3296 non
949 3247 1150 3318 potest
1177 3258 1318 3295 sane
1349 3235 1470 3295 ulla
1500 3247 1623 3295 arte
1652 3247 1757 3296 aut
1785 3236 1934 3296 ima-

186 3321 328 3404 gine
364 3318 641 3403 exprimi,
670 3317 829 3378 unde
866 3341 985 3378 non
1026 3339 1301 3377 veremur
1334 3339 1477 3377 cum
1506 3317 1816 3401 Scriptura
1858 3319 1931 3379 si·

189 3403 500 3466 mulacbra
537 3402 659 3463 Dei
701 3422 864 3461 mera
908 3421 1256 3480 nuncupare
1292 3399 1621 3461 mendacia.
1708 3400 1933 3480 Rejici-

189 3509 326 3549 mus
363 3487 564 3568 itaque
599 3507 717 3545 non
759 3483 940 3544 modo
971 3482 1262 3543 Gentium
1303 3481 1481 3557 idola,
1510 3481 1615 3544 sed
1636 3493 1698 3545 et
1724 3484 1935 3545 Chris-

188 3568 496 3633 tianorum‘
534 3567 912 3630 simulachra.
997 3564 1267 3626 Tametsi
1310 3566 1471 3628 enim
1503 3565 1783 3629 Christus
1824 3568 1937 3629 hu-

1008 3667 1045 3709 c
1075 3660 1113 3711 3

1671 3802 1703 3814 f
