2418 4172
422 341 496 396 56
1058 340 1546 396 CONFESSIO

427 494 557 547 tum
598 480 827 580 adfert.
912 484 1197 567 Denique
1223 485 1573 569 Apostolus,
1604 483 1732 547 Dei
1763 507 1973 548 sumus
2009 504 2182 547 crea-

429 577 596 644 tura,
636 580 740 640 ait,
783 568 1009 630 conditi
1050 570 1117 630 in
1167 568 1411 630 Christo
1450 567 1609 630 «Iesu
1658 568 1744 630 ad
1857 590 1968 631 era
2009 569 2182 643 bona,

417 646 561 747 'ques
601 652 978 795 pmssaravit
1021 651 1215 726 Deus,
1257 660 1326 713 ut
1377 652 1441 713 in
1484 653 1572 713 eis
1621 591 2013 714 ambiremus.
2096 650 2182 711 Et

428 747 670 808 iterum,
766 733 934 817 phes.
975 733 1034 794 ii.
1072 734 1193 795 '1⁹1t.
1235 735 1293 795 ii.
1336 736 1464 800 Qui
1500 735 1758 796 tradidit
1798 735 2181 816 sernetipsum

422 839 543 900 pro
570 818 759 891 nobie,
787 826 856 878 ut
892 817 1217 878 redimeret
1247 818 1324 878 ab
1352 819 1513 878 omni
1550 819 1890 901 iniquitate,
1920 825 1981 878 et
2007 837 2182 877 mun-

431 902 608 963 daret
634 901 751 962 sibi
773 899 1061 982 papulam
1084 900 1480 982 peculiarem,
1510 909 1868 962 sectatorem
1899 901 2182 961 bonor-tem

432 1005 698 1067 operum.
785 984 1168 1045 Damnanius
1208 985 1409 1064 itaque
1438 1006 1647 1043 omnes
1676 984 1781 1066 qui
1820 986 1974 1044 bona
2001 1002 2183 1065 opera

433 1079 851 1137 contemnunt,
891 1088 1011 1127 non
1052 1066 1315 1126 curanda
1353 1080 1414 1127 et
1443 1066 1674 1127 inutilia
1703 1089 1832 1126 esse
1871 1067 2184 1127 blaterant.

433 1149 708 1220 Interim,
751 1147 912 1229 quod
962 1162 1024 1208 ct
1072 1159 1247 1208 antea
1288 1147 1518 1209 dictum
1564 1159 1675 1222 est,
1718 1171 1838 1209 non
1889 1149 2183 1210 sentimus

433 1255 541 1315 per
578 1253 760 1314 opera
806 1232 962 1290 bona
999 1251 1110 1290 nos
1149 1232 1384 1304 servari,
1422 1230 1643 1311 illaque
1687 1230 1761 1291 ad
1802 1231 2056 1292 salutem
2100 1231 2185 1292 ita

434 1336 565 1376 esse
616 1314 963 1387 necessaria,
1007 1324 1075 1373 ut
1118 1314 1344 1392 absque
1386 1311 1504 1372 illis
1555 1334 1738 1373 nemo
1787 1334 2054 1395 unquam
2106 1313 2186 1376 sit

435 1410 718 1457 servatus.
804 1395 1015 1457 Gratia
1056 1394 1220 1455 enim
1273 1395 1579 1476 soliusque
1621 1395 1845 1455 Christi
1894 1394 2189 1457 beneflcio

437 1499 759 1540 servamur.
845 1478 1047 1560 Opera
1084 1478 1416 1539 necessario
1445 1499 1521 1538 ex
1562 1478 1680 1539 fide
1710 1478 2187 1561 progignunturt

436 1584 507 1623 ac
531 1561 856 1644 improprie
886 1561 980 1621 his
1006 1561 1162 1621 salus
1186 1560 1565 1630 attribuitur3
1609 1582 1748 1642 quae
1779 1561 2188 1644 propriissime

438 1644 752 1707 ascribitur
778 1644 1000 1725 gratiae.
1085 1643 1422 1703 Notissima
1450 1642 1612 1704 enim
1654 1655 1744 1704 est
1779 1644 1881 1704 illa
1908 1643 2185 1727 Apostoli

442 1726 762 1800 sententia,
806 1726 988 1786 Rom.
1037 1725 1119 1786 xi.
1153 1726 1226 1787 Si
1258 1748 1374 1807 per
1416 1728 1711 1809 gratiam,
1739 1726 1886 1809 jam
1942 1747 2064 1787 mm
2112 1747 2187 1788 ea·

512 1809 715 1871 eribus
734 1834 756 1870 .·
800 1808 1281 1892 quandoquidem
1299 1810 1535 1892 gratia,
1534 1809 1679 1893 J'am
1697 1831 1827 1870 non
1857 1830 1931 1870 ex
1950 1810 2186 1893 gratia.

435 1832 554 1955 Z„
582 1914 655 1954 ex
681 1891 1131 1973 operibusjam
1166 1910 1286 1953 non
1313 1914 1386 1953 ex
1407 1895 1622 1975 gratia
1639 1917 1660 1953 .·
1704 1892 2188 1976 quandoquidem

415 1975 563 2058 jam
588 1997 756 2056 opus,
782 1996 905 2035 mm
934 1983 1024 2035 est
1049 1996 1215 2056 opus.

523 2058 771 2119 Placent
797 2078 938 2118 vero
967 2059 1496 2139 approbanturque
1530 2080 1564 2118 a
1592 2057 1732 2119 Deo
1758 2080 1960 2141 opera,
1988 2079 2126 2142 quoe
2153 2080 2190 2121 a

440 2140 613 2202 nobis
635 2142 810 2214 fiunt,
840 2162 946 2223 per
968 2139 1172 2200 fidem.
1246 2140 1407 2208 Quia
1434 2139 1521 2200 illi
1550 2141 1793 2223 placent
1820 2141 1979 2217 Deo,
2005 2163 2189 2227 propa

439 2235 530 2284 ter
558 2222 741 2284 fidem
773 2222 835 2283 in
866 2222 1200 2297 Christum,
1229 2222 1332 2303 qui
1367 2222 1599 2284 faciunt
1626 2246 1808 2307 opera
1842 2225 2020 2300 bona,
2047 2246 2188 2308 quae

440 2307 684 2389 insuper
725 2327 833 2388 per
875 2305 1169 2389 Spiritum
1210 2306 1498 2366 Sanctum
1545 2328 1619 2367 ex
1664 2307 1855 2389 gratia
1886 2308 2008 2369 Dei
2046 2321 2190 2369 sunt

440 2389 614 2450 facta.
686 2388 748 2449 S.
779 2389 987 2449 Petrus
1027 2389 1209 2462 enim,
1237 2389 1375 2450 Act.
1405 2410 1463 2449 x.
1503 2390 1578 2450 In
1612 2391 1824 2472 quavis
1851 2399 2060 2475 gente,
2095 2390 2189 2452 in-

442 2471 594 2552 quit,
621 2471 727 2555 qui
762 2472 935 2532 timet
972 2471 1170 2551 ipsum
1214 2480 1273 2532 et
1315 2481 1607 2553 operatur
1626 2472 1969 2555 justitiam,
2002 2475 2060 2536 is
2086 2494 2189 2536 ac-

441 2561 651 2635 ceptus
693 2561 782 2614 est
826 2552 939 2614 illi.
1023 2554 1107 2614 Et
1150 2554 1387 2627 Paulus,
1429 2555 1661 2617 Coloss.
1704 2557 1741 2617 i.
1781 2555 1930 2619 Non
1971 2557 2191 2619 desini-

438 2658 578 2697 mus
603 2657 783 2697 orare
800 2657 920 2717 pro
947 2637 1131 2710 vobis,
1152 2646 1221 2697 ut
1242 2637 1564 2699 ambuletis
1590 2638 1778 2724 digne
1804 2641 2092 2715 Damfiso,
2118 2648 2191 2702 ut

429 2739 549 2800 per
588 2719 787 2780 omnia
832 2717 1150 2800 placeatiS,
1191 2721 1255 2780 in
1303 2722 1465 2781 omui
1503 2744 1684 2803 opere
1733 2723 1882 2786 bona
1898 2720 2192 2809 fincttfl-

439 2810 663 2863 cante&
747 2801 962 2883 Itaque
1002 2824 1185 2876 veras,
1221 2824 1342 2863 non
1382 2803 1558 2865 falsas
1600 2817 1703 2866 aut
1740 2806 2190 2914 philosophicas

437 2884 707 2959 virtutes,
733 2906 870 2945 vere
909 2885 1066 2946 bona
1101 2907 1302 2968 opera,
1329 2898 1391 2946 et
1426 2888 1686 2967 genuina
1714 2890 2043 2952 Lhristiani
2084 2890 2192 2951 ho-

440 2967 621 3028 minis
661 2965 877 3039 officia,
906 2966 1114 3029 sedulo
1155 2967 1463 3042 docemus,
1505 2981 1567 3030 et
1604 2984 1829 3052 quanta
1868 2993 2189 3055 possumus

439 3049 752 3131 diligentia
800 3050 1299 3132 vehementiaque
1341 3052 1623 3114 omnibus
1668 3052 2061 3129 inculcamus,
2103 3055 2191 3117 vi·

439 3143 783 3226 tuperantes
829 3134 1104 3196 omnium
1150 3134 1389 3196 illorum
1421 3147 1483 3196 ct
1530 3135 1845 3212 desidiam,
1885 3150 1948 3200 et
1997 3138 2192 3222 hypo-

441 3215 662 3291 crisim,
697 3215 800 3297 qui
843 3238 947 3278 ore
988 3217 1366 3299 evangelium
1426 3218 1672 3281 laudant
1716 3234 1778 3282 et
1818 3222 2193 3304 profitentur,

443 3298 564 3359 vita
614 3310 816 3360 autem
874 3299 1033 3383 turpi
1085 3299 1465 3377 dedecorant,
1507 3305 1909 3386 proponentes
1963 3304 2077 3366 hac
2123 3304 2189 3364 in

442 3402 638 3454 causa,
670 3380 979 3444 horribiles
1009 3381 1127 3445 Dei
1163 3383 1375 3459 minas,
1397 3385 1628 3469 amplas
1646 3385 1907 3468 denique
1934 3385 2188 3469 pmmis·

443 3462 637 3523 sioncs
680 3464 815 3537 Dei,
858 3478 919 3527 ct
959 3465 1224 3529 liberalia
1258 3468 1522 3550 praemia,
1554 3467 1947 3542 exhortando,
1974 3489 2190 3531 conso-

445 3543 640 3617 lando,
667 3557 728 3606 ct
755 3547 1147 3629 objurgando.

528 3625 770 3689 Etenim
821 3628 1107 3693 docemus
1158 3631 1362 3694 Deum
1408 3634 1565 3695 bona
1616 3632 2001 3717 operantibus
2058 3656 2186 3697 am-

2379 3381 2393 3418 ⁶¹1·
2378 3345 2387 3350 ¹
2383 3330 2386 3331 ¹
2376 2957 2397 3307 «ko-fimm
2389 2940 2392 2945 >
2391 2924 2393 2926 -
2392 2859 2397 2869 .-
2390 2800 2391 2803 „

2349 3426 2401 3634 ’ἕ
