2418 4172
760 398 1226 454 SAXONICA.
1744 398 1846 452 301

122 551 215 606 ter
251 539 409 601 hanc
445 559 684 600 causam
717 538 935 602 Paulus
973 551 1099 602 tam
1138 537 1347 601 acriter
1371 534 1622 600 dimicat
1646 535 1723 598 de
1752 539 1853 600 ab·

120 621 428 704 rogatione
465 621 951 697 circumcisionis,
977 633 1038 683 et
1079 620 1328 683 aliarum
1366 618 1850 683 ceremoniarum

120 704 271 787 legis
305 703 611 775 Moaaicae,
648 726 726 767 ne
769 725 906 765 vera
951 702 1216 784 cognitio
1261 700 1614 764 Mediatoris
1661 700 1852 762 extin-

121 798 420 870 gueretur,
436 786 485 847 si
514 785 927 850 existimarent
954 806 1018 846 se
1047 783 1259 845 mereri
1284 782 1694 845 remissionem
1717 805 1857 864 pec-

120 880 412 943 catorum,
437 867 715 946 etjustos
743 887 871 927 esse
901 865 1015 927 hac
1041 865 1453 926 observatione
1480 865 1627 947 legis
1656 876 1717 926 et
1746 887 1856 927 οω-

120 950 520 1022 mmoniarum
581 947 805 1029 Moysi,
860 947 1015 1009 sicut
1058 947 1335 1009 Pharisaei
1394 947 1855 1011 contendebant.

119 1031 206 1093 Et
232 1053 395 1115 saepe
422 1041 630 1091 monet
658 1030 897 1100 Paulus,
925 1041 995 1090 ut
1021 1051 1356 1103 caveamus,
1383 1051 1459 1092 ne
1488 1031 1655 1093 novis
1685 1053 1859 1093 caerc-

122 1113 341 1180 monii·
370 1112 652 1177 humanis
681 1113 786 1174 lux
814 1112 1125 1194 Evangelii
1155 1113 1519 1175 obscuretur.

203 1195 517 1260 Secundus
554 1217 714 1257 error
744 1195 941 1257 minus
978 1194 1338 1278 conspicuus
1375 1205 1484 1266 est,
1513 1194 1612 1257 sed
1654 1206 1858 1257 tamen

200 1278 508 1346 rnioiosus.
581 1278 904 1357 Postquam
934 1277 1144 1338 vident
1170 1277 1374 1357 aliqui,
1403 1299 1522 1340 non
1554 1299 1728 1361 posse
1756 1278 1859 1339 de-

183 1360 287 1425 udi
333 1360 497 1424 hunc
538 1360 935 1442 pharisaicum
981 1382 1260 1434 errorem,
1300 1358 1658 1423 delabuntur
1701 1361 1858 1422 huc:

121 1442 279 1518 Etsi,
307 1442 607 1524 inquiunt,
635 1464 756 1503 non
788 1453 1091 1505 merentur
1119 1442 1212 1505 hae
1253 1443 1623 1504 caeremoniae
1652 1443 1861 1504 remis-

123 1525 359 1589 sionem
501 1535 791 1597 catorum,
820 1536 1020 1587 tamen
1053 1524 1195 1605 quia
1230 1536 1370 1586 sunt
1398 1526 1557 1586 bona
1592 1547 1773 1618 opera
1801 1536 1863 1586 et

124 1607 323 1669 cultus
349 1546 500 1680 Ιξέἰῗ
517 1605 918 1668 defenduntur
960 1606 1052 1669 bae
1093 1606 1471 1669 traditiones:
1514 1618 1583 1668 ut
1625 1629 1686 1667 in
1730 1608 1861 1688 lege

125 1689 331 1772 Moysi
359 1688 769 1750 Nazareorum
800 1688 1180 1762 abstinentia,
1206 1688 1315 1749 etsi
1360 1710 1479 1749 non
1524 1690 1864 1749 merebatur

120 1769 536 1837 remissionem
582 1780 985 1850 peccatorum,
1026 1781 1228 1830 tamen
1278 1769 1416 1830 Deo
1466 1770 1758 1850 placebat,
1802 1781 1864 1830 et

122 1863 253 1918 erat
278 1851 476 1917 cultus
503 1849 640 1912 Deo
669 1862 889 1933 gratus,
976 1850 1119 1915 Hoc
1156 1851 1296 1912 fuco
1324 1862 1590 1913 recenter
1615 1851 1860 1932 quidam

169 1934 183 1946 ⁶
229 1956 371 2018 gere
418 1932 762 1995 traditiones
810 1932 1166 2008 didicerunt,
1208 1933 1312 2013 qui
1361 1944 1566 1995 tamen
1618 1956 1739 1995 non
1788 1934 1863 1995 de

120 1955 228 2082 Εἰ..
250 2015 464 2081 mediis
491 2016 666 2077 rebus
693 2015 1003 2089 dimicant,
1032 2015 1136 2076 sed
1166 2016 1310 2076 alios
1339 2027 1523 2077 tetros
1552 2039 1773 2077 errores
1802 2028 1864 2077 et

123 2099 473 2183 opinionem
521 2097 599 2160 de
642 2108 937 2180 potestate
981 2098 1399 2180 episcoporum
1452 2099 1715 2160 stabilire
1762 2122 1864 2161 co-

127 2192 365 2247 nantur.
1426 2198 1435 2207 ·

208 2263 473 2326 Necesse
498 2273 589 2324 est
616 2274 840 2336 autem,
868 2262 1000 2355 pios
1038 2261 1140 2323 hic
1176 2284 1382 2325 cavere
1411 2261 1696 2323 doctrinae
1723 2263 1866 2324 insi-

124 2346 273 2408 dias.
359 2345 626 2427 Magnus
673 2367 833 2407 error
874 2366 936 2406 nn
987 2345 1104 2407 hoc
1146 2344 1276 2426 ipso
1324 2344 1463 2406 fuco
1507 2344 1699 2414 inest;
1743 2368 1863 2406 non

124 2439 286 2493 recte
311 2427 530 2492 citatur
554 2427 903 2509 exemplum
931 2449 1008 2490 ex
1038 2426 1274 2508 Moyse.
1344 2427 1558 2508 Longe
1585 2427 1867 2488 differunt

125 2533 306 2594 opera
342 2533 379 2570 a
412 2509 551 2571 Deo
587 2509 860 2574 instituta
896 2521 957 2571 et
984 2509 1274 2583 ordinata,
1303 2510 1381 2570 ab
1422 2510 1702 2592 operibus
1745 2533 1866 2571 non

124 2592 429 2662 mandatis
470 2603 533 2652 et
574 2614 699 2653 non
741 2591 1027 2654 ordinatis
1067 2615 1102 2654 a
1138 2591 1295 2667 Deo,
1323 2591 1427 2653 sed
1456 2602 1690 2654 tantum
1724 2614 1867 2654 con-

127 2676 261 2742 silio
305 2675 571 2742 humano
612 2675 985 2757 excogitatis.
1070 2674 1262 2736 Erant
1302 2675 1502 2736 cultus
1537 2675 1657 2735 Dei
1688 2697 1867 2757 opera

126 2758 193 2819 in
234 2758 367 2839 lege
402 2757 523 2820 Dei
558 2756 847 2833 ordinata,
874 2758 985 2821 etsi
1028 2757 1436 2820 remissionem
1483 2768 1864 2839 peccatorum

127 2861 251 2906 uon
280 2839 678 2903 merebantur.
742 2840 828 2901 At
855 2840 1244 2922 ἑθελοθρησκείαι
1272 2839 1625 2920 excogitatae
1655 2841 1730 2900 ab
1760 2840 1870 2899 ho·-

129 2921 397 2985 minibus
443 2920 573 2983 sine
616 2922 903 2986 mandato
941 2922 1083 2996 Dei,
1120 2945 1233 2984 nec
1276 2923 1534 2995 fuerunt,
1573 2943 1684 2981 nec
1728 2933 1868 2982 sunt

129 3005 330 3067 cultus
370 3002 509 3066 Dei.
591 3002 996 3085 Nequaquam
1040 3006 1254 3087 probat
1292 3005 1464 3066 Deus
1506 3004 1661 3064 hanc
1690 3002 1869 3063 auda-

130 3087 285 3148 ciam
318 3085 1047 3167 bominum,·quae*tamen
1086 3109 1321 3169 semper
1350 3086 1566 3147 usitata
1597 3085 1729 3158 fuit,
1757 3087 1869 3146 fin·

132 3167 314 3252 gendi
344 3168 559 3243 cultus,
586 3167 646 3228 id
675 3180 784 3242 est,
812 3190 1013 3251 opera,
1039 3191 1292 3251 quorum
1320 3169 1455 3230 finis
1487 3167 1867 3229 immediatus

131 3253 212 3312 sit
238 3262 306 3312 ut
332 3250 505 3312 Deus
611 3272 640 3310 r
666 3273 736 3312 ea
764 3251 989 3314 honore
1015 3251 1346 3314 adficiatur.
1391 3250 1541 3312 Ideo
1568 3250 1869 3311 exclamat

130 3355 248 3395 vox
284 3333 504 3407 divina,
754 3354 794 3395 a
832 3333 1034 3396 colunt
1077 3355 1171 3395 me
1206 3333 1509 3395 mandatis
1547 3332 1867 3394 hominum.

130 3416 218 3480 Et
244 3415 466 3498 passim
499 3415 559 3476 in
633 3415 896 3497 rophetis
925 3427 985 3477 et
1015 3415 1174 3497 apud
1201 3416 1452 3477 Paulum
1482 3425 1721 3476 taxatur
1741 3415 1870 3477 haec

132 3498 397 3561 audacia.
636 3498 758 3560 veri
801 3497 997 3559 cultus
1037 3508 1179 3560 sunt
1224 3519 1405 3578 opera
1446 3519 1483 3558 a
1522 3496 1660 3558 Deo
1702 3519 1872 3559 man-

0 3557 23 3652 ¹,
133 3580 292 3656 data,
331 3602 466 3662 quoe
509 3581 665 3641 fiunt
707 3580 767 3641 in
812 3580 1115 3662 agnitione
1157 3591 1219 3640 et
1258 3578 1474 3641 fiducia
1508 3578 1869 3655 mediatoris,

134 3662 254 3725 hoc
295 3665 434 3739 fine,
462 3674 531 3725 ut
570 3662 710 3724 Deo
752 3673 1063 3745 praestetur
1089 3661 1448 3735 obedientia,
1490 3674 1552 3725 et
1594 3663 1870 3753 profitea-
