2418 4172
486 380 595 435 406
943 381 990 433 1.
1031 379 1460 435 DOCTRINAE
1501 382 1783 445 CAPUT,

490 523 689 605 ipsum
721 522 797 582 ab
826 523 910 584 ira
938 523 1056 583 Dei
1089 535 1149 583 et
1179 522 1422 583 interitu
1451 522 1796 597 liberantur,
1818 545 1887 585 ac
1912 524 2036 585 vita
2062 535 2234 586 aeter·

492 626 571 665 na
597 602 910 666 donantur.
1330 687 1388 747 V

579 769 1023 830 Incredulitatis
1063 768 1251 841 istius,
1280 780 1348 829 ut
1386 780 1448 829 ct
1490 768 1763 829 omnium
1810 768 2058 829 aliorum

493 862 782 925 catorum,
812 873 1019 912 caussa
1061 872 1166 911 seu
1209 850 1385 933 culpa
1429 852 1594 912 neuti
1644 874 1783 912 uam
1835 862 1926 911 est
1971 851 2034 912 in
2077 790 2238 926 1323:

494 933 598 995 sed
629 935 689 995 in
722 933 985 995 homine.
1057 932 1235 993 Fides
1266 946 1465 994 autem
1498 935 1560 994 in
1587 873 1802 994 Jesum
1834 933 2146 995 Christum
2177 945 2240 995 et

496 1017 652 1077 salus
702 1035 810 1099 per
858 1016 1078 1097 ipsum,
1119 1026 1213 1075 est
1253 1016 1581 1097 gratuitum
1624 1016 1745 1078 Dei
1791 1015 2040 1091 donum,
2083 1016 2239 1077 sicut

494 1099 783 1182 scriptum
813 1108 936 1157 estz
989 1097 1221 1159 Gratia
1246 1097 1472 1159 salvati
1500 1099 1643 1159 estis
1663 1095 2009 1180 perfidem,
2040 1106 2100 1159 et
2131 1098 2240 1159 hoc

493 1203 609 1242 non
653 1201 726 1240 ex
764 1179 947 1252 vobi-5,
977 1178 1107 1239 Dei
1148 1179 1367 1240 donum
1408 1187 1514 1240 est.
1551 1180 1781 1263 Ephes.
1812 1180 1873 1240 ii.
1905 1190 1965 1240 8.
2038 1180 2236 1241 Item:

503 1262 720 1325 Gratis
749 1261 958 1322 datum
989 1269 1079 1322 est
1103 1260 1268 1322 vobis
1295 1262 1361 1321 in
1390 1261 1703 1323 Christum
1723 1261 1988 1323 credere.
2017 1262 2176 1324 Phil.
2198 1262 2236 1323 i.

495 1357 593 1419 29.

1311 1422 1423 1485 VI.

576 1507 756 1577 Quod
787 1516 989 1567 autem
1022 1505 1207 1587 aliqui
1239 1506 1299 1567 in
1330 1517 1603 1589 tempore
1632 1503 1749 1567 fide
1778 1529 1814 1568 a
1840 1506 1980 1569 Deo
2007 1503 2242 1569 donan-

491 1601 609 1666 tur,
637 1590 821 1671 aliqui
851 1611 970 1650 non
1000 1588 1320 1664 donantur,
1344 1589 1414 1650 id‘
1429 1590 1505 1650 ab
1533 1601 1757 1651 aeterno
1784 1590 1970 1688 ipsius
1999 1590 2241 1652 decreto

492 1673 807 1757 provenit;
863 1672 1086 1733 Omnia
1123 1673 1281 1733 enim
1321 1693 1506 1754 opera
1537 1694 1651 1733 sua
1678 1682 1846 1734 novit
1871 1674 1949 1734 ab
1973 1682 2195 1735 aterno
2214 1696 2237 1734 .·

492 1756 699 1816 Actor.
728 1776 823 1815 xv.
861 1765 956 1816 18.
1003 1753 1229 1836 Ephes.
1260 1755 1297 1814 i.
1335 1766 1428 1815 ll.
1469 1754 1799 1816 secundum
1832 1754 1992 1837 quod
2035 1755 2239 1816 decre-

493 1850 623 1899 tum
684 1838 1009 1898 electorum
1070 1837 1269 1910 corda,
1324 1837 1711 1920 quantumvis
1767 1838 1933 1911 dura,
1981 1838 2239 1920 gratiose

493 1919 746 1995 emollit,
775 1930 837 1980 et
879 1918 952 1980 ad
997 1918 1363 1980 credendum
1407 1919 1678 1991 inflectit,
1708 1941 1830 1980 non
1868 1920 2092 1981 electos
2133 1939 2240 1982 au-

492 2012 618 2064 tem
652 2001 822 2082 justo
854 1999 1088 2082 judicio
1129 2022 1250 2062 suae
1294 2002 1539 2062 malitioe
1568 2013 1631 2061 et
1657 1998 1892 2063 duritiae
1930 2001 2236 2084 relinquit.

491 2085 697 2165 Atque
742 2084 843 2144 hic
884 2082 1265 2166 potissimum
1309 2106 1438 2144 sese
1480 2084 1653 2144 nobis
1697 2085 1888 2167 aperit
1943 2082 2241 2160 'rofuudffi

493 2166 825 2227 misericors
870 2166 1090 2248 pariter
1120 2177 1180 2226 et
1207 2165 1376 2245 justa
1417 2166 1732 2227 homiuum
1763 2105 2072 2248 aequaYiter
2095 2187 2234 2264 per-

491 2248 753 2309 ditorum
785 2248 1098 2318 discretim
1144 2248 1267 2309 sive
1311 2248 1614 2309 decretum
1658 2249 1803 2311 illud
1836 2249 2140 2312 electionis
2175 2261 2238 2311 et

490 2331 933 2412 reprobationis
981 2330 1044 2391 in
1094 2332 1275 2392 verbo
1316 2330 1436 2392 Dei
1494 2332 1839 2394 revelatum.
1926 2331 2108 2402 Quod
2167 2343 2234 2394 ut

491 2414 771 2497 perversi,
801 2413 1043 2496 impuri,
1068 2425 1132 2474 et
1174 2435 1384 2496 pamm
1431 2414 1673 2475 stabiles
1717 2415 1778 2475 in
1822 2436 1999 2476 suum
2038 2414 2237 2476 detor·

491 2506 678 2577 quent
706 2497 979 2568 exitium,
1010 2496 1092 2556 ita
1122 2497 1341 2557 sanctis
1377 2507 1439 2557 et
1475 2497 1766 2578 religiosis
1803 2498 2117 2559 animabus
2148 2499 2238 2559 in-

491 2578 722 2639 effabile
749 2587 992 2662 praestat
1021 2578 1421 2721 solatiumvn

573 2740 687 2803 Est
732 2751 932 2803 autem
985 2739 1201 2803 electio
1247 2742 1628 2804 immutabile
1669 2742 1789 2803 Dei
1839 2744 2235 2827 propositum,

491 2845 613 2906 quo
656 2835 795 2885 ante
825 2824 991 2905 jacta
1033 2824 1247 2886 mundi
1292 2824 1683 2886 fundamenta
1711 2846 1786 2887 ex
1816 2827 2094 2888 universo
2134 2849 2238 2911 ge-

492 2929 632 2967 nere
662 2907 949 2981 human0,
970 2927 1044 2968 ex
1075 2907 1360 2991 primaeva
1390 2908 1728 2990 integritate
1750 2908 1809 2969 in
1832 2922 2150 2992 peccatum
2172 2922 2235 2972 et

491 2990 743 3051 exitium
790 3010 896 3051 sua
935 2990 1114 3073 culpa
1156 2990 1452 3074 prolapso,
1482 2990 1812 3052 secundum
1858 2992 2230 3055 liberrimum

490 3072 814 3133 voluntatis
843 3094 964 3134 suoe
995 3073 1459 3156 beneplacitum,
1485 3094 1560 3135 ex
1590 3095 1753 3135 mera
1781 3075 1988 3156 gratia,
2007 3088 2231 3138 certam

492 3153 867 3249 quorundam
915 3155 1229 3216 hominum
1277 3156 1748 3232 multitudinem,
1780 3157 1910 3218 aliis
1953 3180 2067 3220 nec
2108 3179 2235 3221 urea

493 3238 729 3312 luorum,
758 3258 868 3299 nec
896 3237 1257 3319 digniorum,
1280 3239 1382 3300 sed
1416 3240 1474 3299 in
1499 3240 1809 3301 communi
1836 3240 2070 3303 miseria
2090 3260 2231 3304 cum

492 3320 621 3381 aliis
650 3321 1007 3400 jacentium,
1036 3320 1109 3381 ad
1154 3322 1404 3383 salutem
1450 3322 1633 3405 elegit
1670 3324 1730 3383 in
1760 3322 2020 3398 Christo,
2048 3343 2230 3406 quem

491 3402 670 3462 etiam
709 3404 784 3463 ab
813 3415 1038 3464 aeterno
1066 3403 1467 3466 Mediatorem
1498 3416 1560 3466 et
1588 3405 1862 3466 omnium
1901 3406 2227 3468 electorum

491 3496 689 3566 caput,
718 3485 1043 3567 salutisque
1069 3485 1532 3549 fundamentum
1557 3488 1903 3558 constituitz
1945 3498 2125 3581 atque
2147 3485 2229 3548 ita

491 3586 591 3624 eos
635 3566 745 3649 ipsi
792 3567 1106 3630 salvandos
1148 3568 1306 3641 dare,
1345 3581 1407 3631 et
1449 3569 1523 3631 ad
1566 3570 1696 3650 ejus
1737 3584 2226 3631 communionem

490 3663 597 3729 per
636 3649 884 3709 verbum
928 3662 989 3710 et
1029 3650 1322 3732 Spiritum
1360 3672 1537 3714 suum
1579 3650 1898 3713 efficaciter
1920 3669 2132 3713 vocare
2156 3671 2228 3714 ac
