2418 4172
475 300 584 353 218
1099 300 1583 358 CONFESSIO

476 441 614 505 uliae
654 441 1002 536 traditiones
1047 441 1348 536 hum-anae,
1377 443 1572 536 mul-to
1608 443 1792 505 satius
1819 456 1913 507 est
1937 445 2216 509 dissimu-

474 523 596 587 lare
625 525 1071 606 abrogationem
1104 525 1282 605 hujus
1317 523 1756 588 traditiunculae
1794 526 1871 587 de
1906 528 2215 602 coelibatu,

474 627 655 688 quam
688 609 1045 703 confirmare
1073 607 1373 681 libidines,
1394 607 1682 692 dissipare
1708 607 2007 702 conjiigia,
2030 611 2216 673 susci·

471 690 2216 915 ffifflg‘ssgzssssa'252‘202530‘3332'1322‘333502‘2331

470 876 604 916 cere
633 876 694 915 in
724 877 828 915 ecc
852 876 1007 916 esiis.

553 937 686 998 Etsi
732 952 932 998 autem
980 936 1240 998 mundus
1280 938 1563 998 omnibus
1605 939 1882 1000 aetatibus
1924 937 2092 1000 dedit
2125 938 2216 999 in·

470 1018 668 1113 signes
693 1040 915 1160 ‘poenas
950 1018 1290 1111 libidinum,
1319 1033 1386 1080 ut
1415 1019 1677 1081 historioe
1705 1032 1999 1083 testantur
2022 1020 2099 1082 de
2123 1020 2216 1081 di-
2249 1035 2262 1050 ·

469 1101 651 1175 luvio,
735 1123 770 1160 e
817 1098 1117 1174 Sodomis,
1156 1100 1232 1160 de
1274 1100 1531 1173 Davide,
1568 1101 1829 1183 denique
1877 1104 2216 1165 innumera-

469 1183 619 1278 biles
656 1182 915 1275 ethnicae
955 1181 1236 1275 historiae,
1262 1193 1466 1275 tamen
1498 1183 1775 1244 homines
1803 1184 2100 1277 prophani
2129 1185 2214 1246 le·

467 1277 619 1325 viter
644 1274 857 1326 curant
872 1262 1175 1343 judicium
1202 1263 1346 1337 Dei,
1373 1263 1571 1324 rident
1592 1264 1891 1340 libidines,
1909 1265 2048 1327 ideo
2066 1266 2216 1328 tole-

467 1357 601 1407 rant
642 1346 903 1439 pollutos
941 1355 1003 1406 et
1036 1345 1475 1439 contaminatos
1504 1346 1885 1408 sacrificulos.
1966 1346 2066 1409 Ad
2096 1347 2216 1410 hoc

467 1428 719 1522 accedit,
746 1427 906 1509 quod
938 1428 1186 1488 coelibes
1214 1428 1447 1489 facilius
1475 1442 1729 1510 possunt
1757 1428 1910 1491 tueri
1936 1451 2084 1513 opes
2116 1451 2216 1492 eo-

467 1512 846 1583 clesiasticas,
874 1520 936 1604 et
978 1510 1143 1604 hunc
1186 1510 1587 1594 splendorem,
1615 1511 1720 1606 qui
1758 1523 2050 1607 nuncest
2074 1534 2216 1596 pro-

467 1615 676 1737 ἓῗὲζὶἓ
710 1594 2215 1755 {2²32ae'Ytiffi‘ffijoflss'esffidffloe‘fiffiffldffi

466 1758 637 1820 dunt.
723 1757 841 1819 Sed
931 1757 1269 1839 vangelium
1300 1757 1479 1837 jubet
1506 1780 1615 1818 nos
1644 1759 1936 1820 anteferre
1965 1759 2213 1821 manda·

465 1852 599 1903 tum
628 1840 749 1902 Dei
793 1840 1121 1934 prophanis
1151 1839 1400 1933 judiciis
1442 1851 1503 1900 et
1545 1840 1924 1916 utilitatibus,
1950 1841 2214 1904 ostendit

466 1923 585 1985 late
613 1944 814 2016 vagari
842 1944 1055 2005 poenas
1084 1921 1403 1984 libidinum
1435 1943 1543 2004 per
1568 1933 1725 1984 totas
1746 1937 1974 2004 gentes,
1992 1935 2057 1985 et
2082 1924 2214 2007 pol-

466 2006 626 2067 lutos
664 2017 944 2067 coecitate
981 2016 1043 2065 et
1078 2005 1315 2065 aeternis
1362 2003 1672 2086 suppliciis
1715 2005 1936 2087 puniri.
2019 2005 2215 2069 Jubet

466 2087 555 2150 uti
594 2086 875 2169 conjugio
911 2097 973 2147 et
1010 2085 1369 2147 ordinationi
1398 2086 1518 2148 Dei
1546 2086 1969 2169 obtemperari,
1993 2088 2100 2168 qui
2128 2088 2213 2151 ita

465 2170 737 2232 condidit
764 2180 1040 2263 naturam
1072 2169 1413 2262 hominum,
1442 2180 1509 2231 ut
1537 2180 1829 2263 perpetua
1856 2169 2107 2232 societas
2134 2171 2214 2234 sit

463 2252 721 2315 duorum
751 2273 1102 2334 conjugum,
1122 2273 1301 2312 maris
1330 2262 1391 2312 et
1411 2252 1698 2314 foeminoe.
1767 2251 1989 2315 Monet
2014 2253 2213 2315 cultus

463 2335 584 2397 Dei
614 2343 742 2397 esse
769 2336 1183 2417 obtemperare
1208 2333 1570 2395 ordinationi
1599 2345 1662 2395 et
1689 2334 1821 2396 voci
1851 2333 1993 2410 Dei,
2020 2346 2084 2396 et
2117 2334 2213 2398 fu·

466 2418 711 2500 giendas
753 2440 883 2479 esse
924 2439 992 2477 su
1075 2416 1375 2499 rstitiones
1420 2427 1757 2499 pugnantes
1794 2438 1934 2478 cum
1972 2415 2213 2479 ordina-

464 2500 632 2594 tione
674 2499 914 2592 divina..
980 2438 1127 2559 fiseo
1169 2499 1520 2559 sustulimus
1563 2498 2032 2592 prohibitionem
2069 2521 2214 2594 con-

490 2594 734 2746 „3333
765 2579 2213 2757 ssssss¹fssflssissfflssssssssaeoffinss‘ssufflssss

464 2746 619 2809 dunt
645 2747 1113 2829 prohibitionem
1145 2745 1331 2819 illam,
1359 2768 1468 2807 nos
1502 2744 1907 2808 sacerdotibus
1939 2745 2212 2829 legitima

466 2840 529 2891 et
573 2829 674 2913 pia
722 2827 1105 2891 matrimonia
1145 2827 1548 2891 concedimus.
1634 2828 1771 2891 Nec
1818 2850 1972 2912 opus
2012 2840 2105 2891 est
2147 2828 2211 2892 in

467 2912 582 3007 hac
626 2934 804 3006 causa
848 2910 940 2972 dis
986 2910 1254 3006 uta-tione
1306 2910 1609 3005 longiore:
1658 2932 1812 2994 opus
1866 2923 1959 2973 est
2001 2910 2211 2992 judice

466 3015 570 3088 qui
600 3017 720 3055 non
751 2993 906 3056 ridet
932 2933 1229 3068 libidines,
1257 2993 1358 3055 sed
1390 3015 1535 3055 iram
1569 2993 1687 3055 Dei
1718 2993 1956 3069 metuit,
1981 3005 2045 3055 et
2070 3015 2211 3057 vera

465 3078 707 3171 pietatis
748 3076 945 3139 officia
985 3075 1318 3159 intelligere
1362 3075 1599 3148 studet3
1656 3075 1878 3139 deinde
1925 3076 2029 3158 qui
2078 3075 2210 3139 odit

466 3160 749 3240 injustam
793 3158 1230 3234 crudelitatem,
1271 3180 1407 3240 quoe
1450 3159 1567 3221 hoc
1609 3170 1882 3242 tempore
1927 3158 2206 3222 adversus

466 3241 799 3305 sacerdotes
841 3240 1148 3304 maritatus
1192 3252 1255 3303 et
1300 3263 1509 3303 eorum
1553 3241 1838 3323 conjuges
1879 3263 1950 3303 ac
1991 3240 2205 3303 libero·

465 3337 790 3419 exercetur.
878 3323 1191 3407 Rogamus
1236 3323 1416 3468 :igitur
1456 3324 1911 3408 Imperatorem,
1938 3343 2015 3384 ue
2054 3341 2206 3403 pon·

465 3409 712 3469 tiflciam
757 3407 952 3489 legem
997 3405 1074 3469 de
1116 3406 1255 3469 coeli
1302 3419 1425 3482 atu,
1453 3418 1826 3490 pugnantem
1856 3423 1998 3466 cum
2033 3422 2204 3464 man·

466 3488 620 3580 datis
662 3490 805 3562 Dei,
842 3501 904 3551 et
946 3512 1084 3551 cum
1129 3489 1429 3551 veteribus
1472 3482 2061 3572 synodig‘defeudat,
2089 3504 2205 3548 uec

467 3580 544 3631 ait
586 3582 757 3631 autor
798 3583 904 3633 aut
939 3570 1176 3651 adjutor
1203 3571 1439 3651 injuste
1465 3566 1852 3642 crudelitatis,
1879 3587 1994 3630 nee
2018 3566 2202 3631 truci-
