2418 4172
501 266 574 323 36
1139 267 1625 323 CONFESSIO

506 410 599 472 bis
629 410 883 507 aperuit.
947 410 1313 473 Docendum
1337 433 1481 495 ergo
1508 424 1571 473 et
1590 411 2096 475 considerandum
2128 407 2269 476 ante

508 515 733 566 omnia,
760 506 1024 575 quantus
1054 517 1224 556 amor
1252 496 1441 558 Patris
1470 517 1611 578 erga
1651 517 1758 556 nos
1793 495 1856 556 in
1886 496 2135 558 Christo
2163 517 2272 557 no-

506 577 600 639 bis
631 577 711 640 sit
739 578 1071 640 revelatus:
1119 578 1486 641 audiendum
1518 578 1663 661 quid
1705 578 1878 639 nobis
1907 578 2180 660 quotidie
2208 577 2269 640 in

507 660 843 743 Evangelio
886 661 1013 743 ipse
1055 660 1361 722 Dominus
1404 662 1707 745 pmdicet,
1751 660 2061 743 quomodo
2096 673 2273 723 vocet

507 755 571 805 et
597 743 777 815 dicat,
807 743 993 805 Matt.
1022 744 1103 805 xi.
1140 743 1361 806 Venite
1388 745 1473 806 ad
1507 765 1604 806 me
1632 766 1854 814 omnes,
1927 745 1993 805 ui
2033 743 2274 806 labora-

507 827 590 889 tis
606 835 667 888 et
687 828 928 889 onerati
948 829 1110 901 estis,
1129 849 1241 911 ego
1262 849 1369 889 vos
1389 825 1685 910 reficiam.
1731 829 1839 889 Sic
1933 848 2040 888 eus
2061 826 2276 889 dilevit

507 910 820 983 mundum,
851 919 920 971 ut
947 910 1342 993 Unigenitum
1373 911 1609 972 dederit
1637 932 1756 992 pro
1784 911 2023 985 mundo,
2051 918 2122 972 ut
2149 931 2276 972 om-

509 994 608 1054 nis
640 994 748 1077 qm·
776 993 967 1054 credit
1003 994 1069 1054 in
1107 1016 1261 1069 eum,
1294 1015 1415 1054 non
1490 1002 1680 1067 erent,
1704 993 1816 1054 sed
1845 994 2064 1055 habeat
2088 994 2278 1055 vitam

508 1086 816 1150 eneruem,
843 1077 1024 1138 Joan.
1055 1076 1137 1137 iii.
1174 1077 1354 1150 Item,
1441 1098 1517 1138 on
1546 1084 1637 1137 est
1653 1075 1933 1138 volumtas
1951 1077 2279 1151 Patri-sm!

510 1160 831 1254 quisquam
853 1159 927 1220 de
949 1159 1045 1219 lais
1144 1158 1307 1219 siliis
1321 1167 1557 1239 pereat,
1586 1158 1769 1219 Matt.
1789 1159 1957 1221 xviii.
1997 1159 2278 1221 Christus

509 1253 715 1322 itaque
757 1242 836 1302 sit
874 1263 1059 1323 specu
1084 1262 1209 1315 um,
1250 1241 1309 1301 in
1347 1262 1471 1322 quo
1510 1240 2100 1323 proedestinationem
2140 1260 2280 1305 no·-

513 1334 668 1384 tram
710 1324 1210 1406 contemplemur.
1296 1323 1455 1384 Satis
1498 1323 1885 1417 perspicuum
1931 1334 1994 1385 ct
2032 1325 2278 1386 firmum

515 1405 874 1467 habebimus
904 1406 1343 1481 testimonium,
1371 1428 1480 1467 nos
1516 1408 1578 1467 in
1609 1407 1763 1467 libro
1792 1406 1930 1468 vitoe
1958 1407 2278 1492 inscriptos

508 1511 658 1562 esse,
701 1489 749 1549 si
801 1489 1447 1551 communicaverimus
1506 1512 1644 1551 cum
1695 1489 1962 1564 Christo,
2003 1501 2067 1551 et
2117 1490 2167 1552 is
2214 1490 2278 1551 in

509 1594 648 1633 vera
677 1571 799 1632 fide
829 1584 1032 1632 noster
1060 1572 1156 1647 sit,
1186 1594 1294 1633 nos
1324 1576 1453 1653 ejus
1484 1572 1691 1634 simus.
1757 1573 2125 1635 Consoletur
2163 1593 2277 1635 nos

512 1656 575 1716 in
605 1655 937 1716 tentatione
974 1654 1530 1735 praedestinationis,
1559 1677 1679 1737 qua
1709 1657 1808 1716 vix
1841 1656 1957 1718 alia
1993 1667 2087 1718 est
2124 1656 2281 1740 peri-

513 1737 795 1812 culosior,
842 1738 1007 1819 quod
1064 1739 1489 1821 promissiones
1541 1739 1661 1800 Dei
1721 1750 1863 1800 sunt
1916 1739 2280 1802 universales

511 1820 814 1894 fidelibus,
836 1820 997 1903 quod
1023 1821 1150 1904 ipse
1173 1821 1289 1882 ait:
1338 1821 1544 1883 Petite
1564 1831 1623 1883 et
1640 1822 1973 1904 accipietis,
1988 1822 2174 1885 Lucae
2196 1822 2277 1884 xi.

520 1903 737 1966 Omnis
778 1906 885 1987 qui
964 1905 1076 1965 etit
1117 1905 1384 1986 accipit,-
1431 1904 1614 1975 Quod
1658 1905 1920 1987 denique
1960 1927 2103 1968 cum
2143 1905 2279 1967 uni-

515 2008 681 2049 versa
722 1986 842 2048 Dei
883 1926 1160 2048 I-ssclesia
1200 2009 1462 2062 oramus,
1496 1987 1699 2048 Pater
1733 1996 1938 2050 noster
1971 1989 2079 2072 qui
2115 2009 2182 2050 ec
2213 1990 2280 2050 in

518 2070 689 2132 coelis
712 2094 734 2132 .·
775 2081 837 2131 ct
866 2069 1029 2151 quod
1061 2070 1367 2153 baptismo
1390 2092 1599 2132 sumus
1630 2070 1790 2132 insiti
1817 2071 2049 2155 corpori
2073 2070 2284 2133 Chris-

512 2156 580 2228 ti,
619 2165 682 2215 et
719 2153 1027 2237 pascimur
1068 2153 1130 2213 in
1168 2153 1442 2215 Ecclesia
1484 2157 1616 2235 ejus
1661 2175 1842 2215 carne
1884 2165 1947 2215 et
1988 2153 2281 2237 sanguine

514 2236 858 2319 frequenter
886 2235 959 2297 ad
990 2236 1177 2297 vitam
1208 2248 1515 2297 oeternam.
1609 2236 1725 2297 His
1754 2238 2095 2299 confirmati
2134 2258 2279 2299 cum

513 2320 732 2381 timore
761 2331 823 2380 et
861 2330 1139 2391 tremore,
1162 2323 1344 2398 juxta
1382 2330 1752 2402 praeceptum
1787 2320 1980 2395 Pauli,
2010 2331 2279 2382 nostram

517 2406 772 2464 salutem
804 2402 1034 2484 operari
1055 2401 1370 2481 jubemur.

1109 2569 1710 2613 *-

524 2709 627 2772 De
651 2709 814 2772 Jesu
850 2709 1096 2773 Christo
1120 2733 1264 2774 vero
1295 2710 1436 2772 Deo
1465 2719 1526 2772 et
1555 2711 1837 2786 Homine,
1866 2712 2045 2774 unico
2073 2712 2287 2775 mundi

1230 2792 1577 2856 Salvatore.

1348 2925 1468 2987 xl.

524 3047 1009 3129 CREDIMUS
1063 3078 1352 3151 praeteres
1406 3076 1470 3127 et
1530 3064 1820 3127 docemus
1880 3064 2106 3127 Fiiium
2160 3065 2280 3128 Dei

522 3144 865 3212 Dominum
896 3160 1172 3212 nostrum
1200 3150 1416 3212 Jesum
1441 3148 1755 3210 Christum
1780 3149 1857 3210 ab
1882 3158 2109 3211 aeterno
2127 3166 2284 3234 pm-

524 3228 892 3295 destinatum
923 3234 1018 3295 vel
1047 3232 1518 3318 praeordinatum
1550 3254 1700 3306 esse,
1729 3253 1764 3293 a
1793 3232 1988 3306 Patre,
2011 3230 2282 3293 Salvato-

523 3335 649 3374 rem
688 3315 934 3378 mundi:
978 3316 1399 3399 credimusque
1443 3316 1607 3378 hunc
1649 3337 1778 3377 esse
1821 3314 2116 3399 genitum,
2157 3335 2278 3376 non

527 3408 786 3471 tantum,
828 3421 968 3461 cum
1014 3422 1090 3462 ex
1135 3400 1384 3483 Virgine
1430 3399 1629 3462 Maria
1669 3419 1912 3461 carnem
1956 3398 2283 3480 assumpsit

526 3499 638 3541 nee
664 3491 900 3542 tantum
945 3495 1084 3544 ante
1109 3482 1277 3563 jacta
1309 3482 1704 3545 fundamenta
1744 3478 1976 3554 mundi,
2001 3477 2106 3540 sed
2138 3492 2281 3543 unte
2385 3475 2391 3480 ’

521 3583 768 3624 omnem
800 3566 1219 3636 aeternitstem,
1244 3576 1306 3626 et
1327 3564 1573 3646 quidem
1595 3586 1630 3625 s
1659 3563 1853 3636 Patre,
1884 3562 2278 3625 ineffabiiiter„
