<?xml version="1.0" encoding="UTF-8"?>
<!DOCTYPE html PUBLIC "-//W3C//DTD XHTML 1.0 Transitional//EN"
    "http://www.w3.org/TR/xhtml1/DTD/xhtml1-transitional.dtd">
<html xmlns="http://www.w3.org/1999/xhtml" xml:lang="en" lang="en">
 <head>
  <title>
</title>
<meta http-equiv="Content-Type" content="text/html;charset=utf-8" />
  <meta name='ocr-system' content='tesseract 3.04.00' />
  <meta name='ocr-capabilities' content='ocr_page ocr_carea ocr_par ocr_line ocrx_word'/>
</head>
<body>
  <div class='ocr_page' id='page_1' title='image "./syllogeconfessio00oxfouoft_0466.png"; bbox 0 0 2418 4172; ppageno 0'>
   <div class='ocr_carea' id='block_1_1' title="bbox 486 377 1791 443">
    <p class='ocr_par' dir='ltr' id='par_1_1' title="bbox 486 377 1791 443">
     <span class='ocr_line' id='line_1_1' title="bbox 486 377 1791 443; baseline -0.002 -11"><span class='ocrx_word' id='word_1_1' title='bbox 486 381 593 432; x_wconf 80' lang='lat'>444</span> <span class='ocrx_word' id='word_1_2' title='bbox 932 378 992 429; x_wconf 90' lang='lat' dir='ltr'>V.</span> <span class='ocrx_word' id='word_1_3' title='bbox 1032 377 1466 431; x_wconf 80' lang='lat' dir='ltr'><strong>DOCTRINAE&#39;</strong></span> <span class='ocrx_word' id='word_1_4' title='bbox 1508 378 1791 443; x_wconf 83' lang='lat' dir='ltr'>CAPUT,</span> 
     </span>
    </p>
   </div>
   <div class='ocr_carea' id='block_1_2' title="bbox 485 599 2247 2993">
    <p class='ocr_par' dir='ltr' id='par_1_2' title="bbox 485 599 2238 1484">
     <span class='ocr_line' id='line_1_2' title="bbox 569 599 2232 685; baseline 0.002 -23"><span class='ocrx_word' id='word_1_5' title='bbox 569 601 693 671; x_wconf 88' lang='lat' dir='ltr'>Qui</span> <span class='ocrx_word' id='word_1_6' title='bbox 721 599 960 676; x_wconf 89' lang='lat' dir='ltr'>docent,</span> <span class='ocrx_word' id='word_1_7' title='bbox 989 611 1027 639; x_wconf 91' lang='lat'><strong>“</strong></span> <span class='ocrx_word' id='word_1_8' title='bbox 1045 601 1260 662; x_wconf 84' lang='lat' dir='ltr'><strong>Fidem</strong></span> <span class='ocrx_word' id='word_1_9' title='bbox 1280 601 1777 685; x_wconf 71' lang='lat' dir='ltr'>temporat-iorum</span> <span class='ocrx_word' id='word_1_10' title='bbox 1809 622 1843 661; x_wconf 78' lang='lat' dir='ltr'><strong>a</strong></span> <span class='ocrx_word' id='word_1_11' title='bbox 1862 600 2232 681; x_wconf 67' lang='lat' dir='ltr'>justificante</span> 
     </span>
     <span class='ocr_line' id='line_1_3' title="bbox 485 683 2233 746; baseline 0.001 -2"><span class='ocrx_word' id='word_1_12' title='bbox 485 691 522 719; x_wconf 91' lang='lat'><strong>“</strong></span> <span class='ocrx_word' id='word_1_13' title='bbox 553 695 614 744; x_wconf 91' lang='lat' dir='ltr'>et</span> <span class='ocrx_word' id='word_1_14' title='bbox 656 684 916 745; x_wconf 81' lang='lat' dir='ltr'>salvifica</span> <span class='ocrx_word' id='word_1_15' title='bbox 959 685 1078 745; x_wconf 82' lang='lat' dir='ltr'>fide</span> <span class='ocrx_word' id='word_1_16' title='bbox 1121 706 1241 744; x_wconf 92' lang='lat' dir='ltr'>non</span> <span class='ocrx_word' id='word_1_17' title='bbox 1285 684 1522 745; x_wconf 83' lang='lat' dir='ltr'>differre</span> <span class='ocrx_word' id='word_1_18' title='bbox 1560 684 1674 743; x_wconf 82' lang='lat' dir='ltr'>nisi</span> <span class='ocrx_word' id='word_1_19' title='bbox 1711 684 1837 743; x_wconf 82' lang='lat' dir='ltr'>sola</span> <span class='ocrx_word' id='word_1_20' title='bbox 1874 683 2233 746; x_wconf 61' lang='lat' dir='ltr'>duratione?</span> 
     </span>
     <span class='ocr_line' id='line_1_4' title="bbox 486 765 2232 849; baseline 0.001 -23"><span class='ocrx_word' id='word_1_21' title='bbox 486 766 651 827; x_wconf 84' lang='lat' dir='ltr'>Nam</span> <span class='ocrx_word' id='word_1_22' title='bbox 688 767 965 827; x_wconf 86' lang='lat' dir='ltr'>Christus</span> <span class='ocrx_word' id='word_1_23' title='bbox 1007 768 1134 849; x_wconf 87' lang='lat' dir='ltr'>ipse</span> <span class='ocrx_word' id='word_1_24' title='bbox 1165 766 1390 827; x_wconf 85' lang='lat' dir='ltr'>Mattb.</span> <span class='ocrx_word' id='word_1_25' title='bbox 1423 766 1548 827; x_wconf 84' lang='lat' dir='ltr'>xiii.</span> <span class='ocrx_word' id='word_1_26' title='bbox 1580 778 1677 826; x_wconf 88' lang='lat'>20.</span> <span class='ocrx_word' id='word_1_27' title='bbox 1708 778 1768 826; x_wconf 91' lang='lat' dir='ltr'>et</span> <span class='ocrx_word' id='word_1_28' title='bbox 1796 765 1948 826; x_wconf 90' lang='lat' dir='ltr'>Luc.</span> <span class='ocrx_word' id='word_1_29' title='bbox 1976 766 2100 826; x_wconf 85' lang='lat' dir='ltr'>viii.</span> <span class='ocrx_word' id='word_1_30' title='bbox 2137 776 2232 828; x_wconf 82' lang='lat'>13.</span> 
     </span>
     <span class='ocr_line' id='line_1_5' title="bbox 489 847 2236 932; baseline 0.001 -24"><span class='ocrx_word' id='word_1_31' title='bbox 489 870 558 908; x_wconf 82' lang='lat' dir='ltr'>ac</span> <span class='ocrx_word' id='word_1_32' title='bbox 599 848 810 911; x_wconf 88' lang='lat' dir='ltr'>deince</span> <span class='ocrx_word' id='word_1_33' title='bbox 856 872 903 922; x_wconf 81' lang='lat' dir='ltr'>s,</span> <span class='ocrx_word' id='word_1_34' title='bbox 946 849 1164 931; x_wconf 83' lang='lat' dir='ltr'>triplex</span> <span class='ocrx_word' id='word_1_35' title='bbox 1210 861 1499 932; x_wconf 79' lang='lat' dir='ltr'>praeterea</span> <span class='ocrx_word' id='word_1_36' title='bbox 1543 848 1698 909; x_wconf 86' lang='lat' dir='ltr'>inter</span> <span class='ocrx_word' id='word_1_37' title='bbox 1740 847 2132 931; x_wconf 72' lang='lat' dir='ltr'>temporarios</span> <span class='ocrx_word' id='word_1_38' title='bbox 2172 858 2236 910; x_wconf 86' lang='lat' dir='ltr'>et</span> 
     </span>
     <span class='ocr_line' id='line_1_6' title="bbox 488 930 2238 1014; baseline 0 -22"><span class='ocrx_word' id='word_1_39' title='bbox 488 953 655 992; x_wconf 84' lang='lat' dir='ltr'>veros</span> <span class='ocrx_word' id='word_1_40' title='bbox 697 930 816 992; x_wconf 85' lang='lat' dir='ltr'>fide</span> <span class='ocrx_word' id='word_1_41' title='bbox 842 954 906 992; x_wconf 87' lang='lat' dir='ltr'>es</span> <span class='ocrx_word' id='word_1_42' title='bbox 947 931 1267 992; x_wconf 82' lang='lat' dir='ltr'>discrimen</span> <span class='ocrx_word' id='word_1_43' title='bbox 1312 931 1629 992; x_wconf 82' lang='lat' dir='ltr'>manifesto</span> <span class='ocrx_word' id='word_1_44' title='bbox 1671 931 2005 1005; x_wconf 84' lang='lat' dir='ltr'>constituit,</span> <span class='ocrx_word' id='word_1_45' title='bbox 2041 952 2238 1014; x_wconf 81' lang='lat' dir='ltr'>quum</span> 
     </span>
     <span class='ocr_line' id='line_1_7' title="bbox 489 1012 2233 1095; baseline 0 -21"><span class='ocrx_word' id='word_1_46' title='bbox 489 1014 621 1075; x_wconf 84' lang='lat' dir='ltr'>illos</span> <span class='ocrx_word' id='word_1_47' title='bbox 666 1012 1062 1075; x_wconf 79' lang='lat' dir='ltr'>dicit-semen</span> <span class='ocrx_word' id='word_1_48' title='bbox 1106 1014 1223 1073; x_wconf 92' lang='lat' dir='ltr'>reci</span> <span class='ocrx_word' id='word_1_49' title='bbox 1306 1035 1369 1074; x_wconf 91' lang='lat' dir='ltr'>re</span> <span class='ocrx_word' id='word_1_50' title='bbox 1417 1015 1480 1074; x_wconf 95' lang='lat' dir='ltr'>in</span> <span class='ocrx_word' id='word_1_51' title='bbox 1525 1025 1680 1073; x_wconf 84' lang='lat' dir='ltr'>terra</span> <span class='ocrx_word' id='word_1_52' title='bbox 1721 1026 1976 1095; x_wconf 79' lang='lat' dir='ltr'>petrosa,</span> <span class='ocrx_word' id='word_1_53' title='bbox 2019 1012 2129 1074; x_wconf 81' lang='lat' dir='ltr'>hos</span> <span class='ocrx_word' id='word_1_54' title='bbox 2170 1013 2233 1074; x_wconf 90' lang='lat' dir='ltr'>in</span> 
     </span>
     <span class='ocr_line' id='line_1_8' title="bbox 488 1035 2235 1170; baseline -0.001 -12"><span class='ocrx_word' id='word_1_55' title='bbox 488 1108 643 1158; x_wconf 80' lang='lat' dir='ltr'>terra</span> <span class='ocrx_word' id='word_1_56' title='bbox 672 1097 848 1166; x_wconf 82' lang='lat' dir='ltr'>bona,</span> <span class='ocrx_word' id='word_1_57' title='bbox 878 1117 983 1156; x_wconf 88' lang='lat' dir='ltr'>seu</span> <span class='ocrx_word' id='word_1_58' title='bbox 1013 1095 1190 1155; x_wconf 91' lang='lat' dir='ltr'>corde</span> <span class='ocrx_word' id='word_1_59' title='bbox 1224 1035 1422 1156; x_wconf 51' lang='lat' dir='ltr'>gno:</span> <span class='ocrx_word' id='word_1_60' title='bbox 1467 1095 1599 1155; x_wconf 82' lang='lat' dir='ltr'>illos</span> <span class='ocrx_word' id='word_1_61' title='bbox 1638 1117 1836 1155; x_wconf 82' lang='lat' dir='ltr'>carere</span> <span class='ocrx_word' id='word_1_62' title='bbox 1875 1095 2094 1170; x_wconf 82' lang='lat' dir='ltr'>radice,</span> <span class='ocrx_word' id='word_1_63' title='bbox 2122 1095 2235 1156; x_wconf 84' lang='lat' dir='ltr'>hos</span> 
     </span>
     <span class='ocr_line' id='line_1_9' title="bbox 489 1177 2236 1253; baseline 0 -14"><span class='ocrx_word' id='word_1_64' title='bbox 489 1178 747 1239; x_wconf 82' lang='lat' dir='ltr'>radicem</span> <span class='ocrx_word' id='word_1_65' title='bbox 783 1179 1018 1238; x_wconf 80' lang='lat' dir='ltr'>firmam</span> <span class='ocrx_word' id='word_1_66' title='bbox 1054 1178 1310 1237; x_wconf 82' lang='lat' dir='ltr'>habere:</span> <span class='ocrx_word' id='word_1_67' title='bbox 1355 1177 1486 1237; x_wconf 86' lang='lat' dir='ltr'>illos</span> <span class='ocrx_word' id='word_1_68' title='bbox 1516 1177 1811 1237; x_wconf 79' lang='lat' dir='ltr'>fructibus</span> <span class='ocrx_word' id='word_1_69' title='bbox 1839 1198 1970 1237; x_wconf 77' lang='lat' dir='ltr'>esse</span> <span class='ocrx_word' id='word_1_70' title='bbox 1997 1198 2236 1253; x_wconf 73' lang='lat' dir='ltr'>vacuos,</span> 
     </span>
     <span class='ocr_line' id='line_1_10' title="bbox 490 1258 2232 1332; baseline 0.001 -11"><span class='ocrx_word' id='word_1_71' title='bbox 490 1261 600 1321; x_wconf 88' lang='lat' dir='ltr'>hos</span> <span class='ocrx_word' id='word_1_72' title='bbox 638 1260 901 1320; x_wconf 86' lang='lat' dir='ltr'>fructum</span> <span class='ocrx_word' id='word_1_73' title='bbox 942 1280 1120 1319; x_wconf 88' lang='lat' dir='ltr'>suum</span> <span class='ocrx_word' id='word_1_74' title='bbox 1163 1258 1394 1319; x_wconf 80' lang='lat' dir='ltr'>diversa</span> <span class='ocrx_word' id='word_1_75' title='bbox 1431 1280 1729 1332; x_wconf 80' lang='lat' dir='ltr'>mensura,</span> <span class='ocrx_word' id='word_1_76' title='bbox 1758 1270 2101 1320; x_wconf 73' lang='lat' dir='ltr'>constanter</span> <span class='ocrx_word' id='word_1_77' title='bbox 2127 1281 2232 1322; x_wconf 79' lang='lat' dir='ltr'>seu</span> 
     </span>
     <span class='ocr_line' id='line_1_11' title="bbox 490 1340 1427 1484; baseline -0.004 -81"><span class='ocrx_word' id='word_1_78' title='bbox 490 1353 934 1424; x_wconf 77' lang='lat' dir='ltr'>perseveranter</span> <span class='ocrx_word' id='word_1_79' title='bbox 961 1340 1240 1424; x_wconf 87' lang='lat' dir='ltr'>proferre.</span> <span class='ocrx_word' id='word_1_80' title='bbox 1267 1423 1427 1484; x_wconf 75' lang='lat' dir='ltr'>VIII</span> 
     </span>
    </p>

    <p class='ocr_par' dir='ltr' id='par_1_3' title="bbox 490 1504 2241 2082">
     <span class='ocr_line' id='line_1_12' title="bbox 573 1504 2240 1589; baseline -0.001 -22"><span class='ocrx_word' id='word_1_81' title='bbox 573 1506 697 1574; x_wconf 81' lang='lat' dir='ltr'>Qui</span> <span class='ocrx_word' id='word_1_82' title='bbox 728 1505 965 1580; x_wconf 86' lang='lat' dir='ltr'>docent,</span> <span class='ocrx_word' id='word_1_83' title='bbox 993 1514 1028 1542; x_wconf 93' lang='lat'>“</span> <span class='ocrx_word' id='word_1_84' title='bbox 1048 1506 1194 1567; x_wconf 88' lang='lat' dir='ltr'>Non</span> <span class='ocrx_word' id='word_1_85' title='bbox 1224 1528 1352 1567; x_wconf 88' lang='lat' dir='ltr'>esse</span> <span class='ocrx_word' id='word_1_86' title='bbox 1391 1504 1737 1579; x_wconf 81' lang='lat' dir='ltr'>absurdum,</span> <span class='ocrx_word' id='word_1_87' title='bbox 1765 1505 2076 1566; x_wconf 88' lang='lat' dir='ltr'>hominem</span> <span class='ocrx_word' id='word_1_88' title='bbox 2119 1504 2240 1589; x_wconf 85' lang='lat' dir='ltr'>pri-</span> 
     </span>
     <span class='ocr_line' id='line_1_13' title="bbox 490 1588 2241 1672; baseline -0.001 -23"><span class='ocrx_word' id='word_1_89' title='bbox 490 1597 525 1625; x_wconf 92' lang='lat'>“</span> <span class='ocrx_word' id='word_1_90' title='bbox 554 1611 656 1649; x_wconf 91' lang='lat' dir='ltr'>ore</span> <span class='ocrx_word' id='word_1_91' title='bbox 692 1589 1139 1670; x_wconf 82' lang='lat' dir='ltr'>regeneratione</span> <span class='ocrx_word' id='word_1_92' title='bbox 1176 1590 1459 1662; x_wconf 79' lang='lat' dir='ltr'>extincta,</span> <span class='ocrx_word' id='word_1_93' title='bbox 1491 1589 1721 1659; x_wconf 81' lang='lat' dir='ltr'>iterato,</span> <span class='ocrx_word' id='word_1_94' title='bbox 1754 1588 1878 1649; x_wconf 92' lang='lat' dir='ltr'>imo</span> <span class='ocrx_word' id='word_1_95' title='bbox 1906 1588 2123 1672; x_wconf 80' lang='lat' dir='ltr'>soepius</span> <span class='ocrx_word' id='word_1_96' title='bbox 2150 1610 2241 1648; x_wconf 87' lang='lat' dir='ltr'>re·</span> 
     </span>
     <span class='ocr_line' id='line_1_14' title="bbox 492 1670 2240 1764; baseline -0.001 -32"><span class='ocrx_word' id='word_1_97' title='bbox 492 1681 528 1708; x_wconf 91' lang='lat'><strong>“</strong></span> <span class='ocrx_word' id='word_1_98' title='bbox 560 1672 774 1732; x_wconf 85' lang='lat' dir='ltr'>nasci.”</span> <span class='ocrx_word' id='word_1_99' title='bbox 861 1672 949 1732; x_wconf 87' lang='lat' dir='ltr'>Hi</span> <span class='ocrx_word' id='word_1_100' title='bbox 993 1672 1154 1732; x_wconf 91' lang='lat' dir='ltr'>enim</span> <span class='ocrx_word' id='word_1_101' title='bbox 1196 1694 1304 1754; x_wconf 90' lang='lat' dir='ltr'>per</span> <span class='ocrx_word' id='word_1_102' title='bbox 1342 1673 1499 1732; x_wconf 86' lang='lat' dir='ltr'>hanc</span> <span class='ocrx_word' id='word_1_103' title='bbox 1533 1670 1865 1732; x_wconf 79' lang='lat' dir='ltr'>doctrinam</span> <span class='ocrx_word' id='word_1_104' title='bbox 1898 1682 2122 1764; x_wconf 74' lang='lat' dir='ltr'>negant</span> <span class='ocrx_word' id='word_1_105' title='bbox 2149 1692 2240 1731; x_wconf 72' lang='lat' dir='ltr'>se-</span> 
     </span>
     <span class='ocr_line' id='line_1_15' title="bbox 493 1753 2235 1836; baseline -0.001 -21"><span class='ocrx_word' id='word_1_106' title='bbox 493 1754 670 1815; x_wconf 89' lang='lat' dir='ltr'>minis</span> <span class='ocrx_word' id='word_1_107' title='bbox 700 1754 840 1827; x_wconf 90' lang='lat' dir='ltr'>Dei,</span> <span class='ocrx_word' id='word_1_108' title='bbox 860 1777 968 1836; x_wconf 88' lang='lat' dir='ltr'>per</span> <span class='ocrx_word' id='word_1_109' title='bbox 987 1753 1148 1834; x_wconf 91' lang='lat' dir='ltr'>quod</span> <span class='ocrx_word' id='word_1_110' title='bbox 1172 1754 1555 1826; x_wconf 87' lang='lat' dir='ltr'>renascimur,</span> <span class='ocrx_word' id='word_1_111' title='bbox 1578 1753 2235 1836; x_wconf 75' lang='lat' dir='ltr'>incorruptibilitatem:</span> 
     </span>
     <span class='ocr_line' id='line_1_16' title="bbox 493 1834 2238 1933; baseline -0.001 -37"><span class='ocrx_word' id='word_1_112' title='bbox 493 1836 770 1897; x_wconf 79' lang='lat' dir='ltr'>adversus</span> <span class='ocrx_word' id='word_1_113' title='bbox 801 1837 1214 1897; x_wconf 83' lang='lat' dir='ltr'>testimonium</span> <span class='ocrx_word' id='word_1_114' title='bbox 1237 1837 1515 1933; x_wconf 73' lang='lat' dir='ltr'>Apostoli</span> <span class='ocrx_word' id='word_1_115' title='bbox 1539 1835 1717 1907; x_wconf 88' lang='lat' dir='ltr'>Petri,</span> <span class='ocrx_word' id='word_1_116' title='bbox 1739 1835 1797 1895; x_wconf 85' lang='lat' dir='ltr'>E</span> <span class='ocrx_word' id='word_1_117' title='bbox 1843 1837 1935 1897; x_wconf 80' lang='lat' dir='ltr'>ist.</span> <span class='ocrx_word' id='word_1_118' title='bbox 1965 1848 2016 1896; x_wconf 88' lang='lat'>1.</span> <span class='ocrx_word' id='word_1_119' title='bbox 2047 1857 2177 1919; x_wconf 73' lang='lat' dir='ltr'>cap.</span> <span class='ocrx_word' id='word_1_120' title='bbox 2198 1834 2238 1895; x_wconf 91' lang='lat' dir='ltr'>i.</span> 
     </span>
     <span class='ocr_line' id='line_1_17' title="bbox 496 1858 2240 1998; baseline -0.001 -18"><span class='ocrx_word' id='word_1_121' title='bbox 496 1930 593 1980; x_wconf 81' lang='lat'>23.</span> <span class='ocrx_word' id='word_1_122' title='bbox 625 1919 853 1980; x_wconf 82' lang='lat' dir='ltr'>Renati</span> <span class='ocrx_word' id='word_1_123' title='bbox 893 1940 1016 1979; x_wconf 80' lang='lat' dir='ltr'>non</span> <span class='ocrx_word' id='word_1_124' title='bbox 1059 1940 1132 1979; x_wconf 78' lang='lat' dir='ltr'>ez·</span> <span class='ocrx_word' id='word_1_125' title='bbox 1170 1940 1397 1980; x_wconf 78' lang='lat' dir='ltr'>semme</span> <span class='ocrx_word' id='word_1_126' title='bbox 1439 1858 1840 1998; x_wconf 50' lang='lat' dir='ltr'>corruptibili}</span> <span class='ocrx_word' id='word_1_127' title='bbox 1880 1918 1992 1979; x_wconf 72' lang='lat' dir='ltr'>sed</span> <span class='ocrx_word' id='word_1_128' title='bbox 2041 1918 2240 1980; x_wconf 71' lang='grc' dir='ltr'><strong>ὸιων-</strong></span> 
     </span>
     <span class='ocr_line' id='line_1_18' title="bbox 495 2001 791 2082; baseline -0.007 -20"><span class='ocrx_word' id='word_1_129' title='bbox 495 2001 791 2082; x_wconf 77' lang='lat' dir='ltr'>ruptibili.</span> 
     </span>
    </p>

    <p class='ocr_par' dir='ltr' id='par_1_4' title="bbox 1314 2081 1430 2142">
     <span class='ocr_line' id='line_1_19' title="bbox 1314 2081 1430 2142; baseline 0 0"><span class='ocrx_word' id='word_1_130' title='bbox 1314 2081 1430 2142; x_wconf 87' lang='lat' dir='ltr'>lx.</span> 
     </span>
    </p>

    <p class='ocr_par' dir='ltr' id='par_1_5' title="bbox 494 2164 2247 2993">
     <span class='ocr_line' id='line_1_20' title="bbox 578 2164 2240 2247; baseline -0.001 -20"><span class='ocrx_word' id='word_1_131' title='bbox 578 2166 702 2236; x_wconf 83' lang='lat' dir='ltr'>Qui</span> <span class='ocrx_word' id='word_1_132' title='bbox 729 2165 969 2240; x_wconf 86' lang='lat' dir='ltr'>docent,</span> <span class='ocrx_word' id='word_1_133' title='bbox 995 2173 1031 2201; x_wconf 91' lang='lat'>“</span> <span class='ocrx_word' id='word_1_134' title='bbox 1051 2164 1364 2226; x_wconf 81' lang='lat' dir='ltr'>Christum</span> <span class='ocrx_word' id='word_1_135' title='bbox 1396 2185 1707 2245; x_wconf 82' lang='lat' dir='ltr'>nunquam</span> <span class='ocrx_word' id='word_1_136' title='bbox 1740 2185 1979 2246; x_wconf 77' lang='lat' dir='ltr'>rogasse</span> <span class='ocrx_word' id='word_1_137' title='bbox 2005 2185 2117 2247; x_wconf 90' lang='lat' dir='ltr'>pro</span> <span class='ocrx_word' id='word_1_138' title='bbox 2145 2164 2240 2226; x_wconf 86' lang='lat' dir='ltr'>in-</span> 
     </span>
     <span class='ocr_line' id='line_1_21' title="bbox 494 2246 2244 2310; baseline -0.001 0"><span class='ocrx_word' id='word_1_139' title='bbox 494 2258 532 2286; x_wconf 90' lang='lat'><strong>“</strong></span> <span class='ocrx_word' id='word_1_140' title='bbox 560 2249 794 2310; x_wconf 81' lang='lat' dir='ltr'>fallibili</span> <span class='ocrx_word' id='word_1_141' title='bbox 838 2248 1209 2309; x_wconf 89' lang='lat' dir='ltr'>credentium</span> <span class='ocrx_word' id='word_1_142' title='bbox 1256 2248 1317 2307; x_wconf 92' lang='lat' dir='ltr'>in</span> <span class='ocrx_word' id='word_1_143' title='bbox 1362 2246 1482 2308; x_wconf 88' lang='lat' dir='ltr'>fide</span> <span class='ocrx_word' id='word_1_144' title='bbox 1599 2246 2012 2307; x_wconf 79' lang='lat' dir='ltr'>rseverantia.”</span> <span class='ocrx_word' id='word_1_145' title='bbox 2080 2246 2244 2308; x_wconf 88' lang='lat' dir='ltr'>Con-</span> 
     </span>
     <span class='ocr_line' id='line_1_22' title="bbox 495 2328 2240 2414; baseline -0.002 -21"><span class='ocrx_word' id='word_1_146' title='bbox 495 2331 798 2394; x_wconf 80' lang='lat' dir='ltr'>tradicunt</span> <span class='ocrx_word' id='word_1_147' title='bbox 840 2332 1002 2392; x_wconf 91' lang='lat' dir='ltr'>enim</span> <span class='ocrx_word' id='word_1_148' title='bbox 1049 2331 1162 2414; x_wconf 90' lang='lat' dir='ltr'>ipsi</span> <span class='ocrx_word' id='word_1_149' title='bbox 1207 2330 1468 2404; x_wconf 87' lang='lat' dir='ltr'>Christo,</span> <span class='ocrx_word' id='word_1_150' title='bbox 1549 2329 1748 2399; x_wconf 88' lang='lat' dir='ltr'>icenti,</span> <span class='ocrx_word' id='word_1_151' title='bbox 1782 2329 1935 2390; x_wconf 87' lang='lat' dir='ltr'>Luc.</span> <span class='ocrx_word' id='word_1_152' title='bbox 1963 2328 2112 2391; x_wconf 82' lang='lat' dir='ltr'>xxii.</span> <span class='ocrx_word' id='word_1_153' title='bbox 2137 2340 2240 2391; x_wconf 78' lang='lat'>32.</span> 
     </span>
     <span class='ocr_line' id='line_1_23' title="bbox 498 2409 2244 2497; baseline -0.002 -22"><span class='ocrx_word' id='word_1_154' title='bbox 498 2415 638 2497; x_wconf 86' lang='lat' dir='ltr'>Ego</span> <span class='ocrx_word' id='word_1_155' title='bbox 665 2437 737 2475; x_wconf 88' lang='lat' dir='ltr'>ro</span> <span class='ocrx_word' id='word_1_156' title='bbox 784 2414 884 2475; x_wconf 83' lang='lat' dir='ltr'>avi</span> <span class='ocrx_word' id='word_1_157' title='bbox 903 2435 1022 2496; x_wconf 82' lang='lat' dir='ltr'>pro</span> <span class='ocrx_word' id='word_1_158' title='bbox 1050 2422 1128 2489; x_wconf 83' lang='lat' dir='ltr'>te,</span> <span class='ocrx_word' id='word_1_159' title='bbox 1156 2414 1368 2487; x_wconf 60' lang='lat' dir='ltr'>Pare,</span> <span class='ocrx_word' id='word_1_160' title='bbox 1395 2434 1472 2474; x_wconf 80' lang='lat' dir='ltr'>ne</span> <span class='ocrx_word' id='word_1_161' title='bbox 1514 2410 1760 2494; x_wconf 69' lang='lat' dir='ltr'>deficiat</span> <span class='ocrx_word' id='word_1_162' title='bbox 1773 2409 1952 2494; x_wconf 75' lang='lat' dir='ltr'>fides</span> <span class='ocrx_word' id='word_1_163' title='bbox 1983 2419 2095 2474; x_wconf 73' lang='lat' dir='ltr'>tua</span> <span class='ocrx_word' id='word_1_164' title='bbox 2115 2439 2136 2482; x_wconf 84' lang='lat'>,-</span> <span class='ocrx_word' id='word_1_165' title='bbox 2180 2423 2244 2472; x_wconf 88' lang='lat' dir='ltr'>et</span> 
     </span>
     <span class='ocr_line' id='line_1_24' title="bbox 496 2437 2245 2579; baseline -0.002 -21"><span class='ocrx_word' id='word_1_166' title='bbox 496 2437 899 2579; x_wconf 53' lang='lat' dir='ltr'>Evangeiistae</span> <span class='ocrx_word' id='word_1_167' title='bbox 915 2497 957 2558; x_wconf 85' lang='lat' dir='ltr'>J</span> <span class='ocrx_word' id='word_1_168' title='bbox 962 2497 1206 2571; x_wconf 82' lang='lat' dir='ltr'>ohanni,</span> <span class='ocrx_word' id='word_1_169' title='bbox 1224 2495 1487 2568; x_wconf 77' lang='lat' dir='ltr'>testanti,</span> <span class='ocrx_word' id='word_1_170' title='bbox 1501 2495 1725 2554; x_wconf 76' lang='lat' dir='ltr'>Joban.</span> <span class='ocrx_word' id='word_1_171' title='bbox 1746 2494 1888 2555; x_wconf 82' lang='lat' dir='ltr'>xvii.</span> <span class='ocrx_word' id='word_1_172' title='bbox 1909 2506 2008 2555; x_wconf 80' lang='lat'>20.</span> <span class='ocrx_word' id='word_1_173' title='bbox 2037 2494 2245 2556; x_wconf 71' lang='lat' dir='ltr'>Chris-</span> 
     </span>
     <span class='ocr_line' id='line_1_25' title="bbox 497 2576 2246 2661; baseline -0.003 -20"><span class='ocrx_word' id='word_1_174' title='bbox 497 2591 628 2641; x_wconf 89' lang='lat' dir='ltr'>tum</span> <span class='ocrx_word' id='word_1_175' title='bbox 660 2601 780 2640; x_wconf 91' lang='lat' dir='ltr'>non</span> <span class='ocrx_word' id='word_1_176' title='bbox 812 2590 1047 2639; x_wconf 79' lang='lat' dir='ltr'>tantum</span> <span class='ocrx_word' id='word_1_177' title='bbox 1088 2601 1196 2661; x_wconf 90' lang='lat' dir='ltr'>pro</span> <span class='ocrx_word' id='word_1_178' title='bbox 1234 2577 1538 2661; x_wconf 80' lang='lat' dir='ltr'>apostolis,</span> <span class='ocrx_word' id='word_1_179' title='bbox 1566 2576 1670 2637; x_wconf 82' lang='lat' dir='ltr'>sed</span> <span class='ocrx_word' id='word_1_180' title='bbox 1698 2576 1880 2637; x_wconf 80' lang='lat' dir='ltr'>etiam</span> <span class='ocrx_word' id='word_1_181' title='bbox 1910 2597 2021 2659; x_wconf 88' lang='lat' dir='ltr'>pro</span> <span class='ocrx_word' id='word_1_182' title='bbox 2047 2576 2246 2637; x_wconf 89' lang='lat' dir='ltr'>omni·</span> 
     </span>
     <span class='ocr_line' id='line_1_26' title="bbox 499 2658 2244 2743; baseline -0.003 -20"><span class='ocrx_word' id='word_1_183' title='bbox 499 2664 632 2737; x_wconf 88' lang='lat' dir='ltr'>bus,</span> <span class='ocrx_word' id='word_1_184' title='bbox 740 2684 769 2721; x_wconf 92' lang='lat' dir='ltr'>r</span> <span class='ocrx_word' id='word_1_185' title='bbox 794 2682 1130 2722; x_wconf 85' lang='lat' dir='ltr'>sermonem</span> <span class='ocrx_word' id='word_1_186' title='bbox 1162 2661 1425 2743; x_wconf 83' lang='lat' dir='ltr'>ipsorum</span> <span class='ocrx_word' id='word_1_187' title='bbox 1458 2658 1788 2731; x_wconf 69' lang='lat' dir='ltr'>credituriS,</span> <span class='ocrx_word' id='word_1_188' title='bbox 1817 2679 2051 2719; x_wconf 76' lang='lat' dir='ltr'>orasse:</span> <span class='ocrx_word' id='word_1_189' title='bbox 2094 2680 2244 2719; x_wconf 77' lang='lat' dir='ltr'>vers.</span> 
     </span>
     <span class='ocr_line' id='line_1_27' title="bbox 508 2740 2247 2818; baseline -0.001 -13"><span class='ocrx_word' id='word_1_190' title='bbox 508 2757 599 2806; x_wconf 84' lang='grc' dir='ltr'>ιι.</span> <span class='ocrx_word' id='word_1_191' title='bbox 690 2751 826 2805; x_wconf 81' lang='lat' dir='ltr'>ater</span> <span class='ocrx_word' id='word_1_192' title='bbox 860 2751 1087 2818; x_wconf 76' lang='lat' dir='ltr'>sancte,</span> <span class='ocrx_word' id='word_1_193' title='bbox 1121 2764 1407 2805; x_wconf 79' lang='lat' dir='ltr'>conserva</span> <span class='ocrx_word' id='word_1_194' title='bbox 1446 2763 1544 2802; x_wconf 77' lang='lat' dir='ltr'>eos</span> <span class='ocrx_word' id='word_1_195' title='bbox 1582 2742 1645 2802; x_wconf 75' lang='lat' dir='ltr'>in</span> <span class='ocrx_word' id='word_1_196' title='bbox 1687 2741 1927 2802; x_wconf 77' lang='lat' dir='ltr'>nomine</span> <span class='ocrx_word' id='word_1_197' title='bbox 1967 2749 2074 2803; x_wconf 67' lang='lat' dir='ltr'>ino</span> <span class='ocrx_word' id='word_1_198' title='bbox 2093 2766 2116 2803; x_wconf 90' lang='grc'>.·</span> <span class='ocrx_word' id='word_1_199' title='bbox 2162 2740 2247 2803; x_wconf 86' lang='lat' dir='ltr'>Et</span> 
     </span>
     <span class='ocr_line' id='line_1_28' title="bbox 499 2823 2246 2899; baseline -0.001 -11"><span class='ocrx_word' id='word_1_200' title='bbox 499 2849 646 2888; x_wconf 80' lang='lat' dir='ltr'>vers.</span> <span class='ocrx_word' id='word_1_201' title='bbox 672 2839 767 2889; x_wconf 83' lang='grc'>15.</span> <span class='ocrx_word' id='word_1_202' title='bbox 797 2826 943 2888; x_wconf 74' lang='lat' dir='ltr'>Non</span> <span class='ocrx_word' id='word_1_203' title='bbox 969 2847 1073 2887; x_wconf 86' lang='lat' dir='ltr'>oro</span> <span class='ocrx_word' id='word_1_204' title='bbox 1101 2835 1173 2888; x_wconf 78' lang='lat' dir='ltr'>ut</span> <span class='ocrx_word' id='word_1_205' title='bbox 1200 2848 1298 2888; x_wconf 74' lang='lat' dir='ltr'>eos</span> <span class='ocrx_word' id='word_1_206' title='bbox 1327 2824 1507 2887; x_wconf 77' lang='lat' dir='ltr'>tollas</span> <span class='ocrx_word' id='word_1_207' title='bbox 1536 2847 1568 2886; x_wconf 86' lang='lat' dir='ltr'>e</span> <span class='ocrx_word' id='word_1_208' title='bbox 1595 2824 1833 2899; x_wconf 74' lang='lat' dir='ltr'>munde,</span> <span class='ocrx_word' id='word_1_209' title='bbox 1860 2823 1972 2886; x_wconf 76' lang='lat' dir='ltr'>sed</span> <span class='ocrx_word' id='word_1_210' title='bbox 1999 2832 2072 2887; x_wconf 70' lang='lat' dir='ltr'>ut</span> <span class='ocrx_word' id='word_1_211' title='bbox 2108 2845 2246 2886; x_wconf 73' lang='lat' dir='ltr'>con-</span> 
     </span>
     <span class='ocr_line' id='line_1_29' title="bbox 499 2908 1107 2993; baseline -0.005 -20"><span class='ocrx_word' id='word_1_212' title='bbox 499 2932 702 2973; x_wconf 76' lang='lat' dir='ltr'>serves</span> <span class='ocrx_word' id='word_1_213' title='bbox 731 2931 830 2971; x_wconf 72' lang='lat' dir='ltr'>eos</span> <span class='ocrx_word' id='word_1_214' title='bbox 860 2931 898 2971; x_wconf 85' lang='lat' dir='ltr'><strong><em>a</em></strong></span> <span class='ocrx_word' id='word_1_215' title='bbox 926 2908 1107 2993; x_wconf 78' lang='lat' dir='ltr'>malo.</span> 
     </span>
    </p>
   </div>
   <div class='ocr_carea' id='block_1_3' title="bbox 1116 3046 1632 3109">
    <p class='ocr_par' dir='ltr' id='par_1_6' title="bbox 1116 3046 1632 3109">
     <span class='ocr_line' id='line_1_30' title="bbox 1116 3046 1632 3109; baseline -0.002 0"><span class='ocrx_word' id='word_1_216' title='bbox 1116 3046 1632 3109; x_wconf 89' lang='lat' dir='ltr'><strong>CONCLUSIO.</strong></span> 
     </span>
    </p>
   </div>
   <div class='ocr_carea' id='block_1_4' title="bbox 499 3155 2249 3738">
    <p class='ocr_par' dir='ltr' id='par_1_7' title="bbox 499 3155 2249 3738">
     <span class='ocr_line' id='line_1_31' title="bbox 584 3155 2248 3242; baseline -0.004 -20"><span class='ocrx_word' id='word_1_217' title='bbox 584 3162 786 3242; x_wconf 87' lang='lat' dir='ltr'>Atque</span> <span class='ocrx_word' id='word_1_218' title='bbox 816 3160 949 3221; x_wconf 83' lang='lat' dir='ltr'>haec</span> <span class='ocrx_word' id='word_1_219' title='bbox 977 3172 1067 3220; x_wconf 84' lang='lat' dir='ltr'>est</span> <span class='ocrx_word' id='word_1_220' title='bbox 1096 3179 1229 3241; x_wconf 77' lang='lat' dir='ltr'>pers</span> <span class='ocrx_word' id='word_1_221' title='bbox 1275 3156 1426 3230; x_wconf 75' lang='lat' dir='ltr'>icus,</span> <span class='ocrx_word' id='word_1_222' title='bbox 1449 3157 1727 3240; x_wconf 83' lang='lat' dir='ltr'>simplex,</span> <span class='ocrx_word' id='word_1_223' title='bbox 1757 3166 1819 3216; x_wconf 91' lang='lat' dir='ltr'>et</span> <span class='ocrx_word' id='word_1_224' title='bbox 1847 3156 2109 3237; x_wconf 71' lang='lat' dir='ltr'>ingenuo</span> <span class='ocrx_word' id='word_1_225' title='bbox 2130 3155 2248 3216; x_wconf 83' lang='lat' dir='ltr'>Or-</span> 
     </span>
     <span class='ocr_line' id='line_1_32' title="bbox 506 3180 2247 3323; baseline -0.003 -18"><span class='ocrx_word' id='word_1_226' title='bbox 506 3243 786 3305; x_wconf 80' lang='lat' dir='ltr'>tbodoxae</span> <span class='ocrx_word' id='word_1_227' title='bbox 809 3242 884 3303; x_wconf 93' lang='lat' dir='ltr'>de</span> <span class='ocrx_word' id='word_1_228' title='bbox 907 3241 1194 3323; x_wconf 86' lang='lat' dir='ltr'>Quinque</span> <span class='ocrx_word' id='word_1_229' title='bbox 1213 3180 1497 3301; x_wconf 58' lang='lat' dir='ltr'>Xrticulis</span> <span class='ocrx_word' id='word_1_230' title='bbox 1528 3239 1589 3300; x_wconf 89' lang='lat' dir='ltr'>in</span> <span class='ocrx_word' id='word_1_231' title='bbox 1613 3238 1829 3320; x_wconf 86' lang='lat' dir='ltr'>Belgio</span> <span class='ocrx_word' id='word_1_232' title='bbox 1857 3237 2247 3299; x_wconf 64' lang='lat' dir='ltr'>controversie</span> 
     </span>
     <span class='ocr_line' id='line_1_33' title="bbox 504 3320 2248 3403; baseline -0.003 -16"><span class='ocrx_word' id='word_1_233' title='bbox 504 3326 793 3388; x_wconf 81' lang='lat' dir='ltr'>doctrinae</span> <span class='ocrx_word' id='word_1_234' title='bbox 849 3324 1186 3395; x_wconf 72' lang='lat' dir='ltr'>declaratio,</span> <span class='ocrx_word' id='word_1_235' title='bbox 1243 3335 1306 3384; x_wconf 86' lang='lat' dir='ltr'>et</span> <span class='ocrx_word' id='word_1_236' title='bbox 1360 3343 1645 3397; x_wconf 87' lang='lat' dir='ltr'>errorum,</span> <span class='ocrx_word' id='word_1_237' title='bbox 1686 3322 1906 3403; x_wconf 82' lang='lat' dir='ltr'>quibus</span> <span class='ocrx_word' id='word_1_238' title='bbox 1961 3320 2248 3383; x_wconf 66' lang='lat' dir='ltr'>Ecclesia</span> 
     </span>
     <span class='ocr_line' id='line_1_34' title="bbox 505 3403 2245 3498; baseline -0.003 -28"><span class='ocrx_word' id='word_1_239' title='bbox 505 3409 767 3491; x_wconf 82' lang='lat' dir='ltr'>Belgieoe</span> <span class='ocrx_word' id='word_1_240' title='bbox 796 3407 1165 3489; x_wconf 77' lang='lat' dir='ltr'>aliquamdiu</span> <span class='ocrx_word' id='word_1_241' title='bbox 1196 3417 1336 3467; x_wconf 82' lang='lat' dir='ltr'>sunt</span> <span class='ocrx_word' id='word_1_242' title='bbox 1365 3406 1745 3489; x_wconf 66' lang='lat' dir='ltr'>perturbatae,</span> <span class='ocrx_word' id='word_1_243' title='bbox 1775 3403 2037 3484; x_wconf 84' lang='lat' dir='ltr'>rejectio,</span> <span class='ocrx_word' id='word_1_244' title='bbox 2064 3421 2245 3498; x_wconf 68' lang='lat' dir='ltr'>quam</span> 
     </span>
     <span class='ocr_line' id='line_1_35' title="bbox 507 3482 2249 3573; baseline -0.003 -23"><span class='ocrx_word' id='word_1_245' title='bbox 507 3491 784 3573; x_wconf 87' lang='lat' dir='ltr'>Synodus</span> <span class='ocrx_word' id='word_1_246' title='bbox 827 3512 903 3552; x_wconf 85' lang='lat' dir='ltr'>ex</span> <span class='ocrx_word' id='word_1_247' title='bbox 945 3490 1126 3551; x_wconf 87' lang='lat' dir='ltr'>verbo</span> <span class='ocrx_word' id='word_1_248' title='bbox 1165 3489 1280 3550; x_wconf 89' lang='lat' dir='ltr'>Dei</span> <span class='ocrx_word' id='word_1_249' title='bbox 1326 3488 1728 3572; x_wconf 73' lang='lat' dir='ltr'>desumptam,</span> <span class='ocrx_word' id='word_1_250' title='bbox 1754 3498 1815 3548; x_wconf 90' lang='lat' dir='ltr'>et</span> <span class='ocrx_word' id='word_1_251' title='bbox 1843 3482 2249 3548; x_wconf 74' lang='lat' dir='ltr'>confessioni-</span> 
     </span>
     <span class='ocr_line' id='line_1_36' title="bbox 507 3571 2247 3634; baseline -0.003 -3"><span class='ocrx_word' id='word_1_252' title='bbox 507 3572 619 3632; x_wconf 84' lang='lat' dir='ltr'>bus</span> <span class='ocrx_word' id='word_1_253' title='bbox 651 3573 1137 3634; x_wconf 77' lang='lat' dir='ltr'>Reformatsrum</span> <span class='ocrx_word' id='word_1_254' title='bbox 1169 3571 1574 3633; x_wconf 76' lang='lat' dir='ltr'>Ecclesiamm</span> <span class='ocrx_word' id='word_1_255' title='bbox 1609 3581 2074 3632; x_wconf 68' lang='lat' dir='ltr'>consentaneum</span> <span class='ocrx_word' id='word_1_256' title='bbox 2117 3587 2247 3627; x_wconf 73' lang='lat' dir='ltr'>esse</span> 
     </span>
     <span class='ocr_line' id='line_1_37' title="bbox 499 3648 2247 3738; baseline -0.003 -24"><span class='ocrx_word' id='word_1_257' title='bbox 499 3653 748 3731; x_wconf 73' lang='lat' dir='ltr'>judicat.</span> <span class='ocrx_word' id='word_1_258' title='bbox 838 3655 1017 3715; x_wconf 86' lang='lat' dir='ltr'>Unde</span> <span class='ocrx_word' id='word_1_259' title='bbox 1046 3654 1276 3735; x_wconf 85' lang='lat' dir='ltr'>liquido</span> <span class='ocrx_word' id='word_1_260' title='bbox 1304 3666 1550 3738; x_wconf 76' lang='lat' dir='ltr'>apparet</span> <span class='ocrx_word' id='word_1_261' title='bbox 1576 3675 1699 3724; x_wconf 79' lang='lat' dir='ltr'>eos,</span> <span class='ocrx_word' id='word_1_262' title='bbox 1719 3673 1870 3731; x_wconf 82' lang='lat' dir='ltr'>quos</span> <span class='ocrx_word' id='word_1_263' title='bbox 1900 3649 1959 3710; x_wconf 91' lang='lat' dir='ltr'>id</span> <span class='ocrx_word' id='word_1_264' title='bbox 1993 3648 2247 3709; x_wconf 86' lang='lat' dir='ltr'>minime</span> 
     </span>
    </p>
   </div>
  </div>
 </body>
</html>
