2418 4172
835 309 1238 365 PRAEFATI
1252 314 1317 364 O.
1913 320 1979 372 vii

229 452 540 527 nonnulla,
567 472 723 534 quoe,
751 472 894 513 cum
942 451 1233 513 theoriam
1278 454 1479 535 potius
1518 477 1698 537 quam
1742 461 1975 539 praxim

228 560 522 632 spectent,
549 559 611 610 et
650 548 772 609 sint
808 547 1126 610 reconditae
1165 548 1444 624 scientiae,
1473 573 1584 611 nec
1612 553 1740 612 sine
1770 556 1975 616 subtili

220 644 611 729 *indagatione
654 644 1041 719 enucleanda,
1068 657 1321 727 possunt
1357 668 1391 705 a
1419 646 1811 728 prudentibus
1840 650 1977 711 viris

228 741 358 804 sine
394 741 660 826 periculo
702 740 911 812 teneri,
939 752 1000 800 et
1040 740 1182 801 binc
1223 740 1362 801 inde
1399 743 1741 813 eventilari;
1786 746 1886 806 sed
1927 748 1974 808 si

228 838 293 900 in
320 838 536 921 vulgus
568 838 940 918 jactitentur,
970 838 1222 899 nimiam
1269 839 1359 899 sui
1396 839 1680 900 fiduciam
1723 854 1784 901 et
1821 865 1978 904 arro-

226 932 515 1017 gantiam,
542 947 604 995 et
630 934 882 995 aliorum
913 945 1333 1017 contemptum
1364 935 1622 1018 pariunt,
1650 937 1975 1018 vigilantiae

225 1041 428 1092 autem
466 1042 530 1091 et
567 1030 875 1091 modestioe
902 1051 1039 1090 vere
1068 1030 1426 1092 Christianae
1466 1031 1695 1093 aditum
1727 1033 1978 1116 proeclu-

222 1124 395 1188 dunt.
480 1126 770 1209 Proponit
796 1125 1173 1208 simplicibus
1202 1126 1410 1209 religio
1440 1127 1783 1189 Christiana
1812 1129 1973 1209 quod

222 1242 436 1283 omnes
462 1233 526 1284 et
553 1223 884 1305 intelligere
913 1236 975 1283 et
1002 1223 1197 1283 facere
1225 1235 1512 1305 possunt;
1556 1223 1631 1284 de
1660 1222 1976 1284 difficulta-

223 1317 388 1381 tibus
434 1339 569 1400 quae
619 1317 1024 1391 suboriuntur,
1069 1340 1323 1398 quarum
1374 1319 1678 1379 nonnullae
1725 1330 1970 1400 captum

226 1414 561 1476 humanum
589 1414 842 1475 omnino
868 1435 1225 1496 exsuperare
1247 1413 1544 1487 videntur,
1572 1413 1721 1474 illud
1745 1414 1970 1475 Christi

223 1508 633 1592 usurpandum
664 1518 774 1581 est,
802 1508 857 1568 οὖ
881 1511 1067 1575 πάντες
1093 1516 1238 1568 τοῦτο
1265 1517 1524 1589 χωροῦσιν.
1592 1507 1776 1569 Haud
1807 1507 1973 1568 nefas

219 1626 351 1667 osse
390 1604 714 1678 credimus,
740 1603 1110 1686 sapientibus
1148 1618 1210 1663 et
1237 1602 1428 1663 doctis
1469 1604 1529 1663 in
1571 1602 1664 1663 his
1704 1626 1766 1663 se
1804 1625 1974 1663 exer-

218 1720 371 1775 cere,
400 1699 582 1760 modo
609 1699 669 1759 id
699 1698 861 1780 quod
892 1709 1120 1759 certum
1154 1709 1245 1758 est
1273 1698 1526 1758 firmiter
1552 1708 1833 1767 teneant;
1867 1698 1971 1779 qui

219 1807 423 1858 autem
481 1797 859 1858 occasionem
908 1794 1127 1855 exinde
1174 1794 1465 1878 arripiunt
1511 1793 1848 1855 Ecclesiam
1909 1794 1970 1854 in

217 1905 418 1976 portes
465 1892 797 1963 scindendi,
827 1892 931 1973 qui
981 1892 1112 1952 haec
1158 1892 1487 1953 necessaria
1523 1913 1653 1952 esse
1701 1891 1774 1951 ad
1818 1892 1973 1952 salu-

219 2001 365 2066 tem,
392 2001 456 2052 et
496 1990 780 2051 omnibus
823 1990 1019 2071 primo
1062 1989 1121 2048 in
1166 1989 1300 2049 loco
1338 1987 1714 2071 propinanda
1742 1990 1972 2063 volunt,

218 2085 497 2162 viderint,
524 2108 601 2147 ne
637 2086 699 2147 in
739 2107 995 2147 errorem
1033 2084 1371 2159 inciderint,
1399 2084 1504 2165 qui
1531 2106 1657 2168 prae
1687 2086 1969 2146 omnibus

216 2182 489 2264 ejusdem
521 2183 753 2265 generis
785 2182 1085 2243 maximus
1114 2191 1207 2242 est
1234 2192 1295 2241 et
1323 2180 1807 2242 nocentissimus.

298 2279 418 2341 Sed
447 2279 742 2362 exemplis
770 2299 896 2338 rem
925 2279 1408 2361 comprobemus.

300 2374 624 2437 Helvetica
650 2374 965 2436 Confessio
1006 2373 1083 2434 de
1126 2373 1316 2434 libero
1362 2373 1606 2434 arbitrio
1653 2372 1812 2434 inter
1853 2374 1969 2435 alia

215 2468 347 2535 haec
376 2473 592 2533 habet:
630 2480 669 2509 ‘⁸
690 2473 764 2533 In
796 2470 1260 2554 regeneratione,
1288 2470 1630 2531 intellectus
1658 2470 1966 2533 illumina-

214 2576 256 2610 “
281 2580 380 2631 tur
419 2591 528 2652 per
557 2569 849 2652 Spiritum
881 2570 1193 2643 Sanctum,
1222 2578 1292 2627 ut
1332 2578 1394 2627 et
1436 2567 1722 2649 mysteria
1764 2579 1826 2628 et
1865 2591 1967 2630 vo-

139 2663 164 2730 .'
212 2663 251 2703 “
280 2665 574 2727 luntatem
620 2664 741 2726 Dei
791 2665 1105 2747 intelligat.
1191 2662 1278 2724 Et
1319 2663 1596 2725 voluntas
1645 2663 1794 2745 ipsa,
1839 2686 1962 2724 non

210 2769 250 2802 ‘⁴
274 2773 511 2823 tantum
544 2772 811 2823 mutatur
836 2784 944 2845 per
964 2760 1278 2844 Spiritum,
1307 2760 1411 2820 sed
1439 2761 1622 2821 etiam
1656 2761 1966 2821 instruitur

213 2865 252 2896 0‘
278 2857 686 2933 facultatibus,
713 2868 784 2919 ut
825 2869 1039 2940 sponte
1068 2857 1212 2917 velit
1253 2868 1315 2917 et
1350 2857 1541 2939 possit
1568 2856 1847 2916 bonum.”
1877 2858 1963 2939 (p.

212 2960 341 3036 32.)
411 2955 662 3030 Rursus,
689 2954 889 3016 “Duo
916 2953 1284 3015 observanda
1313 2975 1443 3014 esse
1469 2954 1773 3014 docemus.
1838 2951 1963 3012 Pri-

212 3057 257 3088 “
281 3067 473 3123 mum,
499 3059 874 3131 regeneratos
912 3048 973 3108 in
1005 3047 1147 3107 boni
1188 3046 1480 3107 electione
1508 3056 1570 3105 et
1597 3043 1962 3127 operatione,

210 3152 249 3182 ‘⁴
276 3165 400 3204 non
442 3154 678 3204 tantum
714 3163 900 3225 agere
943 3141 1194 3225 passive,
1237 3140 1341 3201 sed
1387 3140 1594 3201 active.
1678 3140 1964 3221 Aguntur

211 3249 252 3279 “
280 3239 445 3300 enim
490 3260 526 3299 a
570 3238 729 3312 Dec,
763 3250 833 3300 ut
876 3251 1059 3321 agant
1101 3238 1235 3320 ipsi,
1270 3236 1431 3318 quod
1477 3246 1680 3318 agunt.
1766 3235 1959 3297 Recte

210 3344 249 3373 “
276 3334 437 3396 enim
469 3334 844 3416 Augustinus
882 3334 1129 3394 adducit
1165 3333 1314 3393 illud
1345 3331 1508 3413 quod
1538 3330 1711 3392 Deus
1738 3330 1959 3394 dicitur

210 3436 247 3466 “
274 3438 476 3489 noster
524 3426 775 3507 adjutor.
861 3426 1095 3507 Nequit
1142 3436 1343 3486 autem
1393 3424 1679 3505 adjuvari,
1723 3426 1838 3486 nisi
1886 3428 1957 3504 is,

211 3532 251 3564 ‘⁵
275 3524 379 3606 qui
418 3523 646 3605 aliquid
685 3523 826 3607 agit.
911 3521 1240 3584 Manicbaei
1276 3521 1614 3605 spoliabant
1642 3521 1952 3586 hominem

995 3641 1030 3679 a
1059 3631 1096 3679 4

1642 3777 1674 3788 l
