2418 4172
571 343 1130 398 AUGUSTANA
1181 343 1547 399 MDxxxl.
1829 351 1936 405 158

189 486 440 548 missum
487 485 884 547 ministerium
936 485 1099 546 verbi
1148 495 1210 546 et
1254 496 1783 561 sacramentorum,
1819 492 1934 552 nisi

189 567 495 630 remittere
533 578 800 651 peccata.
885 566 1065 642 Item,
1094 589 1454 649 cognoscere
1490 568 1847 645 doctrinam,
1875 585 1937 634 et

188 649 525 712 doctrinam
576 652 653 711 ab
700 649 1011 732 evangelio
1060 649 1512 711 dissentientem
1570 650 1829 730 rejicere,
1876 667 1937 715 et

188 730 428 815 impios,
456 754 713 814 quorum
747 743 890 793 nota
918 743 1008 793 est
1037 732 1335 815 impietas,
1363 732 1680 795 excludere
1711 757 1745 795 a
1773 756 1938 796 com·

188 816 477 876 munione
505 814 792 890 ecclesi-«e,
822 814 949 875 sine
978 815 1034 876 vi
1069 815 1355 891 humana,
1385 815 1489 877 sed
1523 817 1724 877 verbo.
1812 817 1939 880 Hic

187 897 521 959 necessario
569 908 632 958 et
687 896 764 957 de
801 897 940 977 jure
995 898 1220 972 divino,
1262 898 1488 960 debent
1543 899 1628 959 eis
1673 900 1938 962 ecclesiae

185 990 466 1063 praestare
509 979 938 1055 obedientiam,
971 980 1154 1061 juxta
1195 981 1379 1043 illud:
1429 982 1560 1048 Qui
1599 1003 1704 1044 vos
1745 984 1939 1059 audit,

185 1082 284 1124 me
308 1062 501 1124 audit.

269 1144 498 1207 Verum
549 1168 690 1207 cum
748 1146 976 1228 aliquid
1033 1157 1242 1207 contra
1289 1147 1669 1231 evangelium
1718 1147 1939 1211 docent

189 1238 295 1289 aut
334 1239 626 1303 statuunt,
653 1240 801 1291 tunc
842 1231 1069 1290 habent
1106 1229 1373 1292 ecclesiae
1412 1230 1764 1292 mandatum
1796 1232 1938 1307 Dei,

187 1309 349 1392 quod
401 1311 803 1372 obedientiam
900 1312 1157 1385 rohibet,
1205 1312 1434 1374 Matth.
1474 1312 1572 1374 vii.
1624 1315 1852 1377 Cavete
1899 1336 1937 1376 a

176 1393 439 1475 pseudo-
591 1394 760 1456 laetis.
946 1396 984 1456 l.
1016 1395 1053 1456 i.
1086 1395 1161 1455 Si
1194 1395 1453 1479 angelus
1487 1396 1562 1458 de
1590 1397 1736 1459 coelo
1766 1398 1943 1459 aliud

188 1497 423 1619 evanffie
447 1478 573 1538 ium
613 1477 1148 1560 evangelizaverit,
1184 1479 1509 1540 anathema
1544 1481 1644 1541 sit.
1731 1493 1767 1541 2
1797 1481 1938 1542 Cor.

186 1558 314 1620 xiii.
411 1581 489 1620 on
527 1581 852 1640 possumus
899 1561 1139 1643 aliquid
1182 1570 1395 1622 contra
1449 1563 1791 1636 veritatem,
1831 1563 1944 1624 sed

175 1662 295 1723 pro
320 1642 595 1702 veritate.
679 1643 858 1717 Item,
888 1642 1067 1703 Data
1095 1651 1186 1703 est
1208 1644 1380 1705 nobis
1398 1653 1671 1725 potestas
1698 1645 1784 1705 ad
1799 1645 1940 1706 cedi-

164 1721 547 1807 ficationem,
575 1746 693 1785 non
735 1726 823 1784 ad
858 1725 1339 1787 destructionem.
1426 1726 1529 1786 Sic
1570 1737 1633 1786 et
1675 1749 1936 1788 canones

230 1805 564 1888 recipiunt,
584 1806 671 1867 11.
690 1829 751 1889 q.
775 1807 920 1868 V11.
949 1828 1018 1868 ca
1066 1854 1079 1867 .
1111 1807 1481 1883 Sacerdotes»,
1510 1819 1572 1869 et
1601 1831 1733 1892 cap.
1754 1810 1937 1871 Oves.

243 1899 271 1949 t
317 1888 694 1971 Augustinus
743 1900 951 1951 contra
1046 1889 1274 1951 etiliani
1323 1891 1639 1974 epistolam
1699 1893 1936 1975 inquit:

183 1970 323 2032 Nec
363 1971 675 2033 catholicis
718 1972 1016 2055 episcopis
1055 1973 1553 2035 consentiendum
1600 1985 1708 2048 est,
1742 1975 1935 2036 sicubi

184 2053 339 2115 forte
376 2054 681 2128 falluntur,
709 2066 815 2115 aut
856 2066 1063 2115 eontra
1098 2056 1416 2118 canonicas
1455 2057 1577 2118 Dei
1612 2057 1934 2142 scripturas

186 2135 415 2216 aliquid
446 2136 729 2197 sentiunt.

268 2218 333 2279 Si
377 2239 559 2299 quam
607 2219 835 2280 babent
872 2220 1049 2280 aliam
1095 2220 1189 2281 vel
1230 2231 1613 2303 potestatem,
1641 2222 1731 2282 vel
1754 2222 1937 2302 juris-

184 2299 511 2362 dictionem
562 2301 624 2362 in
674 2302 1105 2384 cognoscendis
1161 2303 1339 2364 certis
1395 2305 1610 2378 causis,
1652 2304 1936 2367 videlicet

185 2383 573 2459 matrimonii,
611 2396 716 2444 aut
756 2384 1149 2460 deeimarum,
1186 2396 1300 2446 ete.
1344 2386 1502 2448 hanc
1546 2387 1774 2448 habent
1816 2388 1935 2449 hu-

185 2487 367 2527 mano
384 2466 558 2547 jure;
602 2467 707 2527 ubi
730 2467 1100 2528 cessantibus
1122 2467 1432 2529 ordinariis
1454 2480 1752 2553 coguntur
1770 2470 1936 2553 prin-

183 2547 347 2632 cipes
385 2549 479 2610 vel
519 2548 711 2624 inviti,
741 2550 861 2612 suis
891 2550 1144 2612 subditis
1165 2550 1269 2631 jus
1297 2551 1514 2626 dicere,
1545 2563 1613 2613 ut
1639 2574 1760 2635 pax
1789 2553 1935 2614 reti-

182 2641 413 2692 neatur.

268 2713 488 2775 Praeter
529 2714 664 2776 haec
704 2714 1060 2799 disputatur,
1103 2726 1304 2776 utrum
1355 2717 1622 2801 episcopi
1675 2741 1779 2779 seu
1828 2742 1934 2801 pa-

187 2805 374 2857 stores
404 2796 663 2858 babeant
681 2797 783 2878 jus
811 2798 1163 2859 instituendi
1187 2801 1552 2861 ceremonias
1576 2801 1638 2860 in
1664 2801 1933 2876 ecclesia,

183 2888 246 2939 et
287 2877 448 2959 leges
489 2878 566 2939 de
606 2880 776 2955 cibis,
816 2881 995 2955 feriis,
1034 2882 1316 2963 gradibus
1369 2883 1798 2957 ministrorum,
1827 2906 1932 2945 seu

184 2958 515 3035 ordinibus,
544 2973 657 3024 etc.
687 2962 1002 3024 condendi.
1074 2964 1217 3025 Hoc
1234 2964 1337 3044 jus
1368 2965 1473 3046 qui
1504 2965 1779 3026 tribuunt
1807 2988 1840 3025 e
1887 2966 1935 3026 i-

185 3042 404 3124 scopis,
445 3044 704 3127 allegant
746 3046 1197 3116 testimonium:
1252 3048 1479 3108 Adhuc
1511 3047 1709 3108 multa
1743 2989 1932 3110 Ιιαὲἒο

184 3125 351 3186 vobis
390 3126 611 3201 dicere,
638 3128 750 3188 sed
779 3150 897 3189 non
925 3130 1182 3211 potestis
1205 3138 1470 3212 portare
1509 3131 1700 3192 modo.
1775 3131 1932 3193 Cum

186 3216 392 3269 autem
418 3211 653 3270 venerit
679 3210 788 3271 ille
816 3211 1086 3292 Spiritus
1110 3213 1407 3287 veritatis,
1429 3214 1660 3274 docebit
1686 3235 1791 3275 vos
1810 3236 1933 3276 om-

185 3313 320 3352 nem
347 3292 685 3353 veritatem.
767 3293 1052 3375 Allegant
1079 3293 1261 3355 etiam
1302 3297 1647 3378 exemplum
1693 3306 1932 3390 aposto-

185 3374 404 3448 lorum,
453 3374 557 3456 qui
610 3374 1048 3456 prohibuerunt
1092 3376 1389 3437 abstinere
1447 3400 1481 3437 a
1532 3399 1821 3472 sanguine
1868 3389 1932 3441 et

185 3457 490 3518 suffocato.
575 3456 861 3540 Allegant
912 3458 1228 3518 sabbatum
1281 3469 1582 3520 mutatum
1642 3482 1704 3520 in
1765 3460 1926 3523 diem

185 3538 578 3600 Dominicum
611 3552 815 3601 contra
836 3538 1237 3623 Deealogum,
1259 3550 1328 3601 ut
1356 3541 1607 3604 videtur.
1677 3542 1815 3606 Nee
1837 3545 1932 3607 ul-

186 3621 315 3683 lum
355 3623 704 3707 exemplum
747 3623 936 3706 magis
964 3622 1246 3703 jactatur,
1273 3644 1456 3704 quam
1498 3625 1755 3688 mutatio
1793 3627 1928 3689 sab-
2015 3686 2022 3690 -

1683 3775 1716 3787 l
