2418 4172
438 355 511 407 82
1069 351 1558 408 coNFEsslo

440 494 623 558 clesia
647 493 809 558 Dei?
850 493 1236 557 Damnamus
1264 494 1711 578 Anabaptistas,
1740 503 1802 555 et
1838 492 1900 555 in
1938 492 2072 556 aliis
2100 492 2193 578 ip-

441 599 645 643 sorum
686 577 1094 662 dogmatibus,
1131 599 1268 660 quoe
1313 590 1520 640 contra
1554 577 1803 638 verbum
1846 574 1969 639 Dei
2010 597 2193 660 pecu-

451 660 620 724 liaria
648 661 893 724 habent.
944 660 1091 723 Non
1127 682 1335 723 sumus
1365 682 1507 743 ergo
1533 657 1967 752 Anabaptistoe,
1994 679 2192 741 neque

442 766 583 807 cum
612 744 699 806 eis
728 743 791 806 in
817 744 942 806 ulla
968 766 1031 806 re
1061 744 1326 828 ipsorum
1358 763 1900 806 communicamus.

1009 937 1642 980 —-.-‘---.

904 1108 1013 1169 De
1037 1128 1218 1170 sacra
1253 1109 1442 1171 Coena
1472 1106 1746 1168 Domini.

1231 1272 1419 1335 xxl.

444 1385 737 1467 COENA
766 1403 1043 1479 Domini,
1080 1424 1239 1485 quae,
1280 1414 1342 1464 et
1393 1401 1612 1463 Mensa
1652 1400 1930 1477 Domini,
1965 1411 2030 1464 et
2068 1399 2199 1464 Eu-

442 1487 743 1561 charistia,
781 1486 842 1547 id
886 1498 997 1562 est,
1039 1487 1363 1569 gratiarum
1405 1485 1582 1560 aetio,
1619 1496 2024 1567 nuncupatur,
2058 1482 2196 1547 ideo

444 1571 643 1633 Coena
679 1582 1063 1652 nuncupatur
1093 1570 1292 1652 vulgo,
1319 1567 1482 1650 quod
1526 1590 1562 1629 a
1590 1568 1839 1629 Christo
1876 1566 1938 1629 in
1980 1566 2197 1630 ultima

444 1654 547 1715 illa
595 1675 772 1714 coena
814 1675 922 1714 sua
967 1652 1239 1713 instituta
1282 1651 1379 1725 sit,
1424 1672 1683 1732 eamque
1730 1650 1930 1712 adhuc
1977 1671 2198 1735 reprae-

444 1747 659 1811 sentet,
687 1758 758 1797 ac
801 1735 860 1796 in
906 1735 1037 1818 ipsa
1079 1734 1466 1817 spiritualiter
1493 1734 1769 1795 cibentur
1806 1746 1870 1796 et
1911 1744 2197 1817 potentur

443 1818 670 1881 fideles.
710 1840 713 1842 ·
747 1817 990 1879 Author
1016 1818 1179 1879 enim
1210 1816 1422 1879 Coenae
1449 1816 1792 1879 Dominicae
1820 1838 1942 1878 non
1972 1828 2065 1877 est
2092 1838 2198 1877 an·

443 1902 613 1985 gelus
653 1911 758 1962 aut
797 1901 982 1962 homo
1013 1901 1188 1975 ullus,
1216 1899 1320 1961 sed
1362 1901 1491 1982 ipse
1517 1899 1639 1961 Dei
1669 1898 1860 1960 Filius
1886 1898 2194 1961 Dominus

441 1995 645 2047 noster
671 1984 851 2047 Jesus
873 1983 1170 2058 Christus,
1199 1983 1303 2063 qui
1335 1983 1566 2066 primus
1595 2004 1727 2043 eam
1766 1982 2039 2044 ecelesiae
2067 2002 2194 2044 suae

441 2067 829 2130 consecravit.
915 2065 1117 2127 Durat
1144 2078 1347 2126 autem
1386 2087 1459 2126 ea
1491 2063 1862 2126 consecratio
1890 2064 1985 2126 vel
2015 2065 2197 2127 bene-

440 2149 629 2212 dictio
672 2149 872 2211 adhuc
914 2148 1075 2232 apud
1119 2169 1331 2209 omnes
1369 2170 1491 2222 eos,
1529 2147 1633 2229 qui
1677 2168 1797 2207 non
1847 2146 2025 2209 aliam
2069 2168 2195 2212 οω-

441 2254 606 2305 nam,
637 2231 739 2293 sed
769 2232 936 2293 illam
978 2231 1173 2315 ipsam
1202 2231 1525 2305 celebrant,
1554 2252 1737 2311 quam
1767 2229 2076 2292 Dominus
2106 2230 2196 2293 in·

440 2315 669 2377 stituitz
714 2314 787 2375 ad
832 2336 1014 2396 quam
1057 2315 1238 2375 verba
1266 2313 1480 2375 Coenae
1521 2313 1775 2374 Domini
1819 2314 2093 2388 recitant,
2132 2323 2195 2376 et

440 2398 502 2459 in
532 2398 818 2459 omnibus
848 2396 924 2459 ad
956 2418 1146 2457 unum
1175 2395 1490 2457 Christum
1522 2417 1660 2456 vera
1688 2394 1809 2456 fide
1847 2395 2194 2479 respiciunt,

439 2502 517 2543 ex
547 2481 719 2561 cujus
748 2479 934 2541 veluti
977 2478 1257 2541 manibus
1297 2478 1622 2562 accipiunt,
1648 2477 1814 2572 quod
1851 2500 1959 2562 per
1986 2477 2195 2541 minis—

439 2562 661 2625 terium
714 2562 1123 2623 ministrorum
1174 2561 1443 2623 ecclesiae
1497 2560 1819 2643 accipiunt.
1906 2560 2193 2624 Retinere

438 2646 570 2707 vult
611 2645 915 2707 Dominus
957 2644 1077 2706 ritu
1123 2644 1240 2706 hoc
1281 2665 1468 2718 sacro,
1507 2643 1570 2705 in
1612 2643 1834 2706 recenti
1882 2644 2193 2719 memoria,

438 2728 778 2790 maximum
818 2729 1019 2811 generi
1063 2727 1405 2789 mortalium
1436 2725 1773 2810 praestitum
1804 2727 2193 2801 beneficium,

438 2833 680 2906 nempe,
709 2811 871 2892 quod
900 2809 1121 2872 tradito
1148 2832 1395 2894 corpore
1431 2821 1492 2871 et
1521 2810 1712 2871 effuso
1744 2832 1855 2872 suo
1882 2810 2194 2894 sanguine,

438 2915 645 2956 omma
680 2894 855 2956 nobis
893 2905 1141 2977 peecata
1180 2905 1384 2955 nostra
1420 2891 1803 2968 condonavit,
1830 2915 1903 2956 ac
1930 2915 1967 2956 a
1998 2904 2193 2956 morte

438 2987 661 3039 aeterna
689 2987 753 3038 et
778 2987 1077 3060 potestate
1104 2975 1355 3038 Diaboli
1384 2998 1494 3038 nos
1522 2975 1800 3052 redemit,
1826 2975 1958 3056 jam
1995 2975 2192 3059 pascit

437 3081 548 3122 nos
577 3081 684 3121 sua
712 3081 891 3122 earne
917 3070 981 3123 et
1018 3069 1189 3143 potat
1225 3082 1335 3122 suo
1373 3059 1685 3141 sanguine,
1715 3080 1873 3141 quae,
1901 3080 2040 3121 vera
2070 3058 2191 3122 fide

436 3165 465 3203 s
510 3141 824 3206 iritualiter
858 3154 1162 3227 percepta,
1189 3142 1356 3204 alunt
1397 3163 1507 3204 nos
1553 3140 1626 3202 ad
1658 3142 1840 3203 vitam
1883 3152 2188 3205 eternam.

497 3236 523 3287 t
557 3226 673 3288 hoc
714 3235 953 3288 tantum
988 3225 1350 3288 heneficium
1383 3235 1700 3286 renovatur
1729 3226 1924 3300 toties,
1951 3223 2188 3308 quotie

437 3307 632 3370 Coena
676 3307 934 3371 Domini
978 3308 1330 3371 celebratur.
1414 3307 1594 3369 Dixit
1648 3308 1812 3370 enim
1863 3306 2189 3381 Dominus,

439 3388 581 3451 Hoc
590 3390 803 3475 facite
839 3392 905 3454 in
942 3393 1061 3454 mei
1097 3391 1729 3454 commemorationem.
1815 3388 2188 3533 Ob'ffgmur

356 3484 364 3492 ·
438 3470 583 3533 item
635 3474 748 3537 hac
776 3474 973 3537 Coena
1015 3497 1199 3551 sacra,
1226 3473 1388 3557 quod
1433 3495 1632 3535 revera
1674 3492 1892 3556 eorpus
2035 3469 2184 3533 mini

437 3574 547 3636 pro
584 3556 757 3617 nobis
794 3557 1103 3631 traditum,
1129 3571 1194 3619 et
1229 3579 1334 3619 san
1425 3556 1472 3618 is
1510 3555 1639 3635 ejus
1681 3554 1740 3615 in
1771 3552 2181 3615 remissionem

435 3648 819 3719 peccatorum
879 3650 1218 3701 nostrorum
1274 3662 1308 3700 e
1354 3660 1494 3700 usus
1547 3647 1660 3711 est,
1710 3658 1786 3698 ne
1835 3634 1981 3717 quid
2034 3635 2183 3699 fide·
