2418 4172
800 352 1356 406 HELVETICA.
1881 357 1952 410 97

206 509 244 539 “
269 499 516 571 siarum,
556 517 689 577 quae
811 517 839 555 r
879 495 1149 556 civitates
1191 506 1253 554 et
1295 493 1563 574 regiones
1608 505 1767 565 sunt,
1805 496 1951 556 ritus

205 579 661 645 “..oonscriberc.
733 517 935 639 §ulla
963 576 1173 658 religio
1204 574 1448 637 eosdem
1487 573 1635 636 ritus
1673 576 1952 649 custodit,

205 672 246 726 “.
273 662 508 726 etiamsi
558 660 808 724 eandem
858 658 936 720 de
986 660 1100 720 illis
1148 656 1482 719 doctrinam
1535 656 1951 739 amplectatur.

205 752 244 784 ‘⁶
271 744 516 807 Etenim
561 744 662 824 qui
703 740 969 821 ejusdem
1003 752 1145 802 sunt
1175 739 1336 814 fidei,
1361 739 1438 799 de
1466 737 1678 799 ritibus
1708 738 1863 799 inter
1890 762 1952 800 se

205 834 242 865 “
265 826 680 889 dissentiunt?
753 825 906 885 Hoec
937 823 1055 884 ille.
1128 822 1212 883 Et
1240 844 1349 882 nos
1380 819 1558 882 bodie
1587 820 1735 882 ritus
1763 820 1953 882 diver·

205 932 302 976 θοι
345 910 406 971 in
449 907 847 971 celebratione
889 928 1080 968 coenae
1124 904 1379 967 Domini
1421 915 1484 964 et
1527 902 1586 964 in
1629 902 1760 964 aliis
1804 925 1953 964 non-

206 992 390 1056 nullis
417 993 593 1053 rebus
624 991 913 1051 habentes
943 988 1002 1048 in
1035 988 1249 1049 nostris
1279 985 1564 1060 ecclesiis,
1593 986 1654 1047 in
1683 985 1955 1048 doctrina

205 1086 409 1139 tamen
438 1086 502 1136 et
532 1073 649 1134 fide
670 1094 791 1133 non
815 1071 1192 1145 dissidemus,
1213 1092 1410 1151 neque
1438 1069 1656 1144 unitas,
1678 1069 1957 1131 societas-

205 1178 328 1241 que
352 1155 736 1220 eeclesiarum
768 1165 1103 1215 nostrarum
1135 1176 1206 1215 ea
1235 1175 1296 1214 re
1324 1151 1696 1214 discinditur.
1783 1152 1955 1213 Sem-

205 1261 316 1324 per
339 1260 481 1303 vero
509 1238 773 1301 ecclesioe
803 1237 863 1297 in
894 1234 1239 1315 hujusmodi
1271 1235 1504 1308 ritibus,
1533 1234 1691 1296 sicut
1725 1233 1957 1309 mediis,

207 1343 331 1418 αρε
372 1332 515 1384 sunt
556 1321 847 1382 libertate.
932 1318 1004 1379 Id
1040 1317 1203 1399 quod
1242 1340 1351 1378 nos
1390 1316 1569 1378 hodie
1598 1338 1842 1398 quoque
1870 1316 1956 1378 fa-

208 1425 423 1469 umus.

291 1487 381 1550 At
418 1484 755 1549 cavendum
800 1483 1041 1546 interim
1090 1504 1427 1556 monemus,
1454 1504 1532 1542 ne
1571 1482 1726 1543 inter
1760 1481 1958 1543 media

209 1567 592 1654 deputentur,
619 1578 689 1628 ut
758 1565 959 1627 uidam
991 1565 1186 1626 solent
1215 1565 1457 1625 missam
1497 1574 1562 1624 et
1599 1586 1774 1626 usum
1807 1564 1957 1625 ima-

207 1651 422 1735 ginum
465 1650 525 1711 in
570 1588 800 1742 temjiio
842 1669 952 1730 pro
995 1646 1209 1708 mediis
1250 1656 1545 1728 reputare,
1580 1667 1715 1725 quae
1757 1667 1958 1706 revera

210 1754 332 1796 non
374 1743 517 1795 sunt
544 1730 763 1793 media.
846 1738 883 1765 ‘⁸
912 1728 1292 1790 Indifferens”
1322 1726 1501 1804 (dixit
1530 1726 1603 1788 ad
1633 1727 1959 1809 Augustin.

210 1813 654 1899 Hieronymus)
698 1810 902 1872 “illud
939 1821 1049 1883 est,
1077 1809 1243 1892 quod
1281 1831 1392 1871 nec
1432 1810 1661 1870 bonum
1690 1831 1803 1870 nec
1836 1831 1962 1870 ma-

208 1903 248 1935 “
274 1897 402 1960 lum
444 1908 555 1972 est,
582 1907 652 1959 ut
686 1895 810 1956 sive
840 1893 1067 1967 feceris,
1094 1893 1217 1954 sive
1246 1914 1367 1953 non
1398 1891 1625 1967 feceris,
1653 1914 1764 1953 nec
1782 1892 1964 1972 justi-

209 1987 248 2018 “
275 1980 421 2043 tiam
453 1979 673 2041 habeas
703 1999 814 2039 nec
842 1975 1249 2057 injustitiam.”
1319 1973 1575 2036 Proinde
1615 1996 1756 2035 cum
1799 1974 1961 2043 adia-

211 2062 405 2146 phora
443 2061 758 2144 rapiuntur
799 2058 873 2120 ad
919 2058 1059 2119 fidei
1102 2058 1560 2132 confessionem,
1602 2056 1787 2118 libera
1832 2079 1961 2121 esse

211 2144 532 2207 desinuntz
583 2141 758 2205 sicuti
788 2141 1009 2202 Paulus
1037 2139 1318 2210 ostendit,
1348 2139 1581 2201 licitum
1613 2162 1742 2200 esse
1769 2141 1962 2201 carni·

214 2227 331 2290 bus
371 2225 551 2301 vesci,
576 2226 626 2287 si
711 2224 803 2286 uis
843 2245 963 2284 non
999 2223 1357 2284 submoneat
1383 2220 1558 2282 idolis
1586 2243 1716 2283 esse
1745 2222 1963 2296 litatas,

213 2309 289 2372 al‘
416 2308 437 2370 i
475 2307 602 2371 fore
639 2308 682 2369 il
707 2307 898 2379 icitas,
924 2303 1086 2387 quod
1118 2306 1221 2386 qui
1252 2304 1347 2365 his
1375 2304 1653 2379 vescitur,
1672 2304 1800 2384 jam
1832 2319 1963 2365 ves·

213 2330 427 2467 cem,
453 2389 848 2453 idololatriam
880 2387 1210 2471 approbare
1237 2385 1526 2448 videatur.

783 2586 1395 2629 ......-.-.---

762 2748 867 2809 De
895 2747 1089 2810 Bom‘s
1117 2742 1419 2807 Ecclesiae.

929 2905 1239 2969 XXVIII.

223 3028 456 3111 Opi-'s
482 3046 665 3110 habet
691 3049 940 3116 ecclesia
969 3047 1196 3110 Christi
1235 3067 1309 3107 ex
1353 3042 1767 3105 munificentia
1805 3041 1966 3122 prin·

221 3129 427 3273 {tipum
448 3150 529 3272 dag
556 3128 907 3192 liberalitate
928 3124 1221 3223 fidelium,
1242 3127 1348 3210 qui
1370 3127 1684 3268 facultlates
1714 3144 1968 3267 sfuaslec-

219 3231 420 3368 ειῗῖἰξ
428 3305 490 3354 et
516 3211 1554 3375 5:332333232‘3cksst252523
1568 3229 1689 3349 ⁸1⁸3?
1703 3215 1969 3349 emt

218 3375 579 3438 necessarias
608 3376 1001 3438 sustinendas.
1072 3376 1165 3437 Ac
1192 3395 1365 3435 verus
1393 3394 1535 3434 usus
1563 3391 1748 3454 opum
1779 3368 1971 3431 eccle-

221 3456 328 3522 flioe
357 3458 662 3539 qnondam
694 3458 828 3533 fuit,
848 3470 909 3519 et
936 3480 1099 3529 nunc
1127 3468 1237 3530 est,
1258 3475 1604 3516 conservare
1630 3451 1965 3515 doctrinam

58 3558 64 3565 ·
98 3598 105 3604 .
146 3604 157 3614 ,
222 3537 564 3634 ἱξιτωὴοΙίε,
590 3552 652 3602 et
685 3542 944 3603 coetibus
974 3539 1174 3613 sacris,
1200 3559 1340 3600 cum
1371 3537 1649 3599 universo
1675 3535 1864 3606 cultu,
1884 3535 1970 3596 -ri-

225 3621 410 3698 ubas,-
433 3635 497 3685 et
522 3623 779 3686 aediflcio
806 3645 992 3698 sacro,
1017 3642 1362 3684 conservare
1389 3619 1651 3701 denique
1680 3618 1971 3691 doctores,
2013 3686 2020 3690 ξ

1074 3725 1116 3765 n

1682 3775 1715 3787 l
