2418 4172
349 542 872 612 PROFESSIO
924 541 1201 611 FIDEI
1250 543 1852 616 CATHOLICAE

958 735 1238 769 SECUNDUH

487 882 1003 936 CONCILIUM
1054 883 1713 938 TRIDENTINUM

1058 1055 1124 1085 EX

742 1196 968 1245 BULLA
1005 1197 1094 1244 1²11
1133 1197 1325 1245 PAPAE
1361 1199 1447 1245 lv.

874 1386 1320 1418 ...Φ-...-

212 1541 423 1623 EGO
454 1557 539 1617 N.
570 1558 744 1616 firma
767 1557 886 1617 fide
914 1558 1094 1619 credo
1124 1571 1185 1618 et
1212 1560 1500 1639 profiteor
1527 1561 1731 1621 omnia
1760 1572 1822 1621 et
1852 1563 1964 1623 sin-

317 1664 371 1716 a,
399 1662 539 1722 quae
567 1639 954 1701 continentur
982 1642 1042 1701 in
1075 1641 1372 1723 Symbolo
1401 1641 1592 1717 Fidei,
1617 1666 1739 1724 quo
1769 1656 1974 1705 sancta

314 1746 493 1786 mana
520 1722 797 1786 Ecclesia
827 1723 1034 1799 utitur,
1057 1724 1369 1786 videlicet:

292 1806 492 1870 Credo
540 1808 603 1868 in
654 1830 846 1869 unum
897 1808 1104 1869 Deum
1161 1809 1400 1869 Patrem
1447 1808 1973 1891 omnipotentem,

208 1891 498 1954 factorem
529 1891 670 1953 coeli
707 1902 769 1952 et
806 1902 997 1966 terrae,
1025 1892 1357 1953 visibilium
1401 1892 1699 1966 omnium,
1729 1905 1790 1954 et
1819 1894 1973 1955 invi-

209 1975 509 2037 sibilium:
555 1986 617 2036 et
660 1975 720 2035 in
764 1997 958 2037 unum
1001 1976 1342 2037 Dominum
1372 1976 1589 2037 Jesum
1636 1976 1973 2053 Christum,

210 2058 435 2120 Filium
496 2058 616 2119 Dei
669 2058 1071 2139 unigenitum,
1121 2070 1183 2120 et
1227 2082 1303 2119 ex
1355 2060 1530 2120 Patre
1574 2071 1786 2122 natum
1833 2073 1972 2122 ante

207 2142 416 2208 omnia
466 2141 705 2217 saecula,
746 2141 954 2203 Deum
1006 2142 1082 2203 de
1132 2144 1291 2217 De0,
1335 2143 1544 2203 lumen
1593 2142 1668 2203 de
1718 2146 1971 2218 lumine,

207 2225 415 2287 Deum
460 2247 668 2285 verum
712 2225 789 2285 de
831 2225 972 2286 Deo
1014 2249 1174 2298 vere,
1218 2227 1512 2307 genitum,
1552 2249 1673 2286 non
1719 2226 1970 2301 factum,

207 2308 783 2370 consubstantialem
813 2308 996 2383 Patri,
1025 2332 1134 2392 per
1161 2331 1344 2390 quem
1375 2309 1582 2369 omnia
1610 2309 1768 2371 facta
1797 2323 1968 2382 sunt3

207 2391 312 2473 qui
359 2402 607 2475 propter
648 2413 758 2452 nos
807 2392 1103 2468 homineS,
1145 2404 1207 2453 et
1234 2402 1480 2475 propter
1513 2403 1780 2454 nostram
1811 2395 1969 2455 salu-

205 2486 354 2548 tem,
382 2474 695 2536 descendit
736 2474 812 2535 de
855 2476 1048 2550 coelis,
1078 2487 1140 2537 et
1183 2476 1524 2537 incarnatus
1569 2486 1661 2536 est
1702 2476 1778 2537 de
1829 2477 1969 2561 Spi-

207 2558 326 2620 ritu
369 2558 594 2619 Sancto
636 2581 713 2619 ex
757 2558 957 2620 Maria
982 2560 1253 2643 Virgine,
1284 2570 1345 2620 et
1389 2559 1576 2620 homo
1615 2559 1808 2621 factus
1857 2572 1970 2636 est,

206 2642 530 2704 crucifixus
552 2641 735 2702 etiam
767 2664 878 2724 pro
908 2643 1082 2703 nobis
1112 2644 1226 2703 sub
1255 2642 1473 2703 Pontio
1496 2642 1710 2717 Pilato,
1737 2666 1967 2725 passus,

205 2735 269 2786 et
310 2726 580 2808 sepultus
629 2736 739 2800 est,
780 2736 843 2786 et
892 2726 1212 2787 resurrexit
1261 2726 1438 2786 tertia
1481 2725 1579 2786 die
1630 2727 1964 2787 secundum

206 2808 563 2903 Scripturas,
590 2822 653 2869 et
681 2808 950 2870 ascendit
984 2810 1045 2870 in
1075 2810 1325 2883 coelurn,
1355 2808 1525 2870 sedet
1550 2808 1626 2869 ad
1655 2809 1964 2872 dexteram

206 2892 418 2966 Patris,
446 2903 508 2953 et
551 2892 767 2953 iterum
813 2904 1101 2954 venturus
1145 2904 1238 2954 est
1280 2915 1422 2954 cum
1465 2892 1656 2974 gloria
1693 2891 1967 2971 judicare

205 2975 373 3043 vivos
411 2986 473 3036 et
510 2986 801 3050 mortuos,
844 2976 1015 3056 cujus
1054 2977 1221 3059 regni
1269 2999 1387 3037 non
1432 2975 1546 3036 erit
1584 2974 1755 3036 finis:
1801 2986 1862 3035 et
1902 2977 1964 3037 in

209 3057 503 3139 Spiritum
526 3059 823 3120 Sanctum
843 3059 1209 3134 Dominum,
1230 3070 1292 3120 et
1312 3059 1739 3131 vivificantem,
1760 3058 1865 3138 qui
1888 3081 1967 3120 ex

210 3140 404 3214 Patre,
448 3141 726 3222 Filioque
766 3143 1057 3225 procedit,
1100 3144 1203 3225 qui
1251 3165 1393 3204 cum
1446 3143 1640 3214 Patre,
1685 3152 1745 3201 et
1789 3141 1967 3217 Filio,

209 3223 390 3284 simul
439 3223 737 3297 adoratur,
779 3237 842 3285 et
889 3227 1392 3309 conglorificatur,
1435 3224 1538 3303 qui
1598 3224 1834 3285 locutus
1874 3237 1967 3294 est

208 3329 316 3390 per
363 3305 724 3389 prophetas:
787 3319 848 3367 et
897 3331 1079 3369 unam
1142 3319 1412 3368 sanctam
1456 3306 1855 3380 Catholicam,
1904 3320 1966 3371 et

208 3390 625 3472 Apostolicam
655 3389 1013 3451 Ecclesiam.
1097 3391 1412 3451 Confiteor
1439 3411 1627 3451 unum
1661 3390 1965 3472 baptisma

211 3473 272 3532 in
312 3472 725 3534 remissionem
772 3484 1175 3555 peccatorum,
1203 3484 1265 3534 et
1291 3482 1549 3555 expecto
1584 3474 1967 3536 resurrectio-

212 3578 350 3618 nem
385 3568 779 3630 mortuorum,
805 3567 868 3618 et
897 3556 1080 3619 vitam
1113 3556 1347 3618 venturi
1377 3555 1581 3618 seculi.
1652 3556 1872 3618 Amen.

1036 3661 1074 3700 B
1107 3655 1142 3702 2

1665 3782 1697 3793 l
