2418 4172
445 324 553 377 202
1081 322 1568 377 CONFESSIO

446 464 672 527 nisterii
698 475 878 527 'antea
905 464 1021 527 fuit
1048 466 1300 526 omnino
1331 465 1715 527 obscuratum
1754 466 1918 528 falsis
1955 465 2190 550 opinio-

446 548 623 611 nibus
663 548 923 621 illorum,
950 548 1056 630 qui
1096 547 1426 610 docuerunt
1464 548 1901 611 absolutionem
1935 571 2059 611 non
2086 570 2191 611 va-

446 632 588 706 lere,
618 631 729 693 nisi
769 630 1130 692 sufficienter
1163 631 1401 693 contriti
1442 632 1646 694 simus.
1734 631 1820 694 Et
1855 644 2063 716 postea
2085 631 2190 712 ju·

446 715 672 776 bebant
706 712 983 776 dubitare
1009 713 1085 776 de
1115 715 1508 788 absolutione,
1537 715 1678 797 quia
1708 737 1888 778 nemo
1920 714 2098 777 sciret
2125 737 2189 776 se

447 797 591 861 satis
643 798 970 859 contritum
1022 820 1169 859 esse.
1257 797 1419 868 Quid
1464 798 1580 859 fuit
1624 799 1739 860 hoc
1783 798 1963 873 aliud,
2003 819 2187 879 quam

446 881 740 963 evangelii
777 881 1248 942 consolationem
1290 881 1516 964 eripere
1554 882 1955 955 conscientiis,
1983 892 2047 941 et
2077 881 2193 942 tol-

447 964 568 1026 lere
622 985 697 1025 ex
754 963 1020 1038 ecclesia,
1073 986 1144 1024 ac
1200 985 1440 1045 prorsus
1495 965 1734 1025 abolere
1789 963 2189 1026 ministerium

446 1046 761 1128 evangelii,
789 1068 892 1107 seu
938 1056 1298 1127 potestatem
1336 1046 1640 1107 clavium?
1684 1048 1819 1128 quis
1862 1069 1984 1108 non
2026 1045 2193 1108 videt

450 1130 560 1191 hos
599 1142 749 1272 ἓῐαιῐι
819 1127 1179 1210 perniciosos
1243 1149 1468 1189 errores
1533 1129 1746 1190 merito
1801 1129 2194 1213 reprehensos

448 1234 577 1274 esse

451 1342 453 1344 -
531 1293 692 1355 Cum
759 1302 959 1353 autem
1027 1291 1323 1352 confessio
1387 1293 1652 1375 praebeat
1713 1293 1917 1353 locum
1973 1292 2169 1436 imper
2167 1331 2197 1343 -

447 1375 669 1438 tiendae
714 1374 1076 1436 absolutioni
1121 1374 1420 1469 privatim,
1461 1387 1523 1435 et
1565 1377 1714 1436 ritus
1756 1375 1887 1458 ipse
1928 1374 2055 1437 inte
2079 1375 2199 1437 lec-

448 1471 580 1521 tum
633 1457 946 1542 potestatis
992 1458 1250 1519 clavium
1294 1469 1358 1520 et
1400 1458 1765 1519 remissionis
2060 1479 2195 1520 rum

449 1554 760 1605 conservet
790 1541 848 1603 in
878 1542 1125 1624 populo,
1198 1553 1436 1603 raeterea
1463 1564 1602 1603 cum
1640 1541 1788 1604 illud
1827 1541 2197 1624 colloquium

448 1647 817 1708 magnopere
860 1626 1049 1707 prosit
1090 1565 1196 1685 adP
1212 1624 1543 1686 monendos
1586 1637 1647 1686 et
1688 1624 2044 1686 erudiendos
2087 1625 2200 1686 ho-

449 1709 666 1782 mines,
712 1707 1030 1789 diligenter
1077 1707 1403 1768 retinemus
1455 1707 1514 1768 in
1564 1708 1828 1769 ecclesiis
1877 1707 2201 1769 confessio-

452 1813 615 1866 nem,
643 1789 747 1852 sed
790 1790 892 1864 ita,
920 1802 987 1851 ut
1029 1789 1351 1851 doceamus
1394 1791 1908 1852 enumerationem
1953 1789 2202 1852 delicto-

452 1896 587 1937 rum
632 1896 755 1935 non
800 1896 928 1935 esse
970 1873 1361 1935 necessariam
1381 1873 1520 1954 jure
1548 1873 1774 1949 divino,
1800 1896 1914 1936 nec
1950 1895 2202 1935 oneran-

450 1957 559 2019 das
608 1979 737 2018 esse
786 1955 1181 2017 conscientias
1233 1956 1334 2016 illa
1387 1956 1857 2017 enumeratione.
1936 1955 2199 2018 Nullum

451 2041 615 2102 enim
660 2050 829 2100 extat
871 2039 932 2099 in
977 2039 1285 2121 scripturis
1327 2038 1669 2120 apostolicis
1711 2049 2082 2121 praeceptum
2125 2037 2205 2101 de

451 2124 572 2186 hac
613 2122 1080 2183 enumeratione.
1164 2121 1250 2182 Et
1287 2121 1559 2182 omnium
1600 2121 1957 2183 delictorum
1997 2121 2206 2184 recita-

454 2206 542 2268 fio
581 2205 967 2288 impossibilis
1003 2215 1112 2279 est,
1131 2204 1310 2285 juxta
1340 2203 1484 2265 illud
1517 2205 1761 2280 Psalmi,
1787 2203 2044 2267 Delicta
2069 2205 2207 2289 quis

455 2289 810 2373 intelligit?
852 2288 1009 2349 Item
1037 2288 1335 2348 Jeremias
1374 2288 1477 2361 ait,
1507 2286 1784 2349 Pravum
1826 2296 1919 2349 est
1958 2310 2062 2350 cor
2100 2288 2207 2349 Ιιο-

456 2374 638 2434 minis
681 2380 741 2433 et
783 2370 1197 2433 inscrutabile.
1283 2370 1461 2439 Quod
1508 2371 1556 2431 si
1597 2371 1762 2431 nulla
1795 2382 2061 2454 peccata,
2089 2370 2203 2432 nisi

456 2456 706 2517 recitata
734 2455 1195 2527 remitterentur,
1216 2475 1527 2534 nunquam
1558 2466 1803 2536 possent
1946 2453 2205 2515 uiesoere

458 2537 862 2610 eonscientiae,
890 2537 1032 2618 quia
1060 2537 1319 2619 plurima
1347 2548 1593 2618 peecata
1622 2476 2072 2617 nequefflent,
2095 2558 2207 2598 ne—

458 2642 580 2702 que
619 2619 965 2683 meminisse
1002 2631 1272 2713 possunt.
1356 2619 1497 2687 Qua
1538 2641 1614 2680 ex
1651 2641 1714 2679 re
1747 2619 1923 2680 facile
1951 2619 2204 2703 intelligi

458 2713 680 2786 potest,
734 2701 1134 2764 ministerium
1203 2701 1613 2775 absolutionis,
1668 2715 1729 2763 et
1791 2702 2205 2765 remissionem

460 2800 586 2848 non
614 2785 874 2869 pendere
900 2807 979 2846 ex
1006 2783 1350 2846 conditione
1379 2785 1865 2846 enumerationis.

456 2914 463 2917 -
542 2869 866 2931 Testantur
905 2879 969 2929 et
1009 2879 1233 2929 veteres
1277 2867 1592 2951 scriptores
1630 2890 1749 2929 non
1781 2890 1912 2931 esse
1937 2890 2210 2932 necessa-

462 2952 615 3014 riam
649 2951 1181 3020 enumerationem.
1267 2951 1738 3033 Cbrysostomus
1776 2951 1940 3013 enim
1976 2951 2039 3014 in
2160 2952 2209 3002 '-

457 3035 680 3097 stolam
731 3034 807 3096 ad
853 3035 1149 3097 Hebraeos
1201 3033 1261 3095 in
1310 3034 1418 3109 uit,
1461 3042 1497 3070 “
1521 3034 1990 3097 persuadeamus
2033 2973 2208 3097 υἷες·

461 3126 500 3177 .“
529 3128 808 3203 peccasse
856 3140 986 3192 nos,
1026 3139 1139 3179 nec
1185 3116 1242 3178 id
1266 3056 1501 3200 <lingua
1545 3128 1781 3180 tantum
1833 3118 2209 3202 pronunciet,

463 3210 501 3239 “
531 3202 637 3264 sed
659 3201 838 3271 etiam
864 3201 1076 3263 intima
1098 3201 1498 3270 eonscientiaz
1542 3223 1655 3263 nec
1676 3213 1911 3263 tantum
1934 3200 2206 3274 dicemus

462 3293 501 3320 “
532 3308 641 3347 nos
682 3307 812 3347 esse
852 3296 1216 3369 peccatores,
1245 3283 1345 3345 sed
1386 3284 1567 3346 etiam
1604 3298 1850 3368 peccata
1876 3281 2208 3368 specialiter

463 3374 503 3407 ‘⁶
532 3379 976 3451 computemus.
1044 3367 1191 3429 Non
1220 3368 1331 3429 tibi
1357 3367 1514 3443 dico,
1542 3380 1609 3429 ut
1636 3381 1698 3431 te
1724 3366 1942 3452 prodas
1968 3364 2208 3447 inpub—

465 3457 503 3486 “
534 3451 739 3524 licum,
767 3473 964 3533 neque
991 3463 1051 3512 te
1081 3463 1150 3513 ut
1178 3450 1339 3535 apud
1368 3450 1513 3512 alios
1542 3472 1803 3524 accuses,
1826 3445 1933 3509 sed
1963 3445 2207 3508 obedite

468 3540 504 3567 “
535 3545 594 3592 te
641 3534 777 3593 volo
821 3533 1153 3617 Prophetas.
1242 3534 1466 3595 Revela
1504 3532 1773 3595 Domino
1813 3550 1972 3590 uam
2018 3540 2208 3605 tuam,

466 3618 503 3650 ‘⁴
532 3636 730 3675 eoram
763 3615 899 3677 Deo
930 3628 1174 3698 peccata
1202 3628 1307 3677 tua
1336 3615 1640 3688 confitere,
1666 3609 1827 3695 apud
1856 3633 2063 3674 verum
2090 3611 2205 3674 Ju-
