2418 4172
886 378 1300 433 BELGICA.
1857 379 1964 432 848

296 520 540 584 xxvl.
569 521 886 583 Credimus
908 521 1090 582 etiam
1118 541 1229 581 nos
1256 519 1490 581 nullum
1514 539 1818 582 accessum
1852 519 1961 579 ha-

218 606 359 667 bere
398 605 473 665 ad
503 605 731 677 Deum,
760 604 871 664 nisi
911 625 1021 688 per
1058 603 1303 665 unicum
1344 602 1516 663 illum
1564 599 1957 663 mediatorem

216 698 280 749 et
334 687 688 750 advocatum
735 687 951 748 Jesum
1002 684 1313 745 Christum
1360 684 1621 764 justum,
1661 682 1766 762 qui
1824 682 1959 742 ideo

215 770 410 832 factus
451 782 544 831 est
588 770 772 830 bomo
808 769 1116 844 (humanae
1154 776 1380 826 naturae
1420 765 1684 825 divinam
1716 764 1953 843 uniens)

216 867 287 915 ut
327 853 500 914 nobis
546 852 775 912 miseris
818 849 1167 910 hominibus
1205 846 1400 908 aditus
1429 847 1503 908 ad
1533 846 1653 907 Dei
1685 846 1962 926 majesta-

214 946 339 996 tem
383 944 650 1017 pateret:
693 931 798 1014 qui
842 931 1016 992 nobis
1060 930 1202 991 alias
1245 931 1309 990 in
1353 943 1713 1024 perpetuum
1751 929 1962 989 fuisset

213 1017 505 1079 occlusus.
591 1015 797 1095 Hujus
824 1026 1028 1076 tamen
1053 1012 1407 1074 Mediatoris
1435 1016 1646 1094 (quem
1670 1012 1845 1072 Pater
1874 1012 1962 1071 in-

213 1110 308 1162 ter
334 1121 398 1160 se
425 1111 487 1159 et
515 1120 624 1160 nos
653 1097 991 1175 constituit)
1025 1096 1303 1176 majestas
1325 1108 1386 1156 et
1406 1095 1678 1179 potentia
1708 1094 1961 1155 minime

215 1200 327 1244 nos
362 1203 628 1264 eousque
665 1193 883 1242 terrere
924 1179 1124 1253 debet,
1154 1191 1222 1239 ut
1259 1178 1393 1239 ideo
1430 1179 1605 1239 nobis
1635 1178 1818 1239 alium
1850 1199 1960 1271 pro

216 1264 462 1327 arbitrio
516 1263 906 1346 quaerendum
965 1273 1267 1345 putemus.
1355 1261 1579 1323 Nullus
1628 1272 1720 1322 est
1775 1282 1961 1333 enim,

217 1367 415 1430 neque
443 1347 600 1410 inter
627 1347 922 1419 coelestes,
948 1367 1144 1425 neque
1173 1344 1328 1405 inter
1354 1355 1615 1404 terrenas
1649 1354 1963 1417 creaturas,

217 1430 320 1512 qui
359 1451 470 1491 nos
504 1430 713 1510 majori
750 1428 1070 1490 dilectione
1097 1428 1513 1509 amplectatur,
1542 1448 1725 1507 quam
1755 1426 1963 1487 Chris-

218 1524 318 1574 tus
338 1512 499 1596 ipse:
543 1513 647 1593 qui
676 1533 866 1593 quum
897 1522 1052 1571 esset
1080 1509 1142 1570 in
1170 1510 1364 1570 forma
1390 1510 1510 1570 Dei
1541 1510 1805 1592 seipsum
1835 1510 1963 1569 exi-

217 1595 465 1666 nanivit,
493 1595 686 1655 forma
715 1594 866 1655 servi
891 1592 1153 1653 hominis
1174 1604 1455 1674 accepta;
1500 1604 1562 1652 et
1581 1602 1828 1674 propter
1853 1613 1963 1651 nos

216 1697 327 1760 per
347 1677 556 1738 omnia
581 1677 793 1736 similis
823 1676 1016 1737 factus
1043 1683 1137 1734 est
1164 1674 1442 1735 fratribus
1473 1674 1615 1734 suis.
1698 1673 1881 1742 Quod
1912 1673 1961 1732 si

216 1759 390 1820 nobis
418 1759 569 1820 alius
596 1758 893 1820 mediator
920 1755 1276 1837 quaerendus
1298 1766 1470 1830 esset,
1491 1754 1597 1836 qui
1626 1755 1828 1836 aliqua
1855 1776 1966 1814 nos

122 1847 128 1855 '
215 1841 631 1903 benevolentia
651 1840 1014 1922 dignaretur,
1036 1859 1218 1918 quem
1250 1859 1452 1919 quaeso
1482 1838 1748 1899 invenire
1777 1837 1967 1919 possi-

218 1945 375 1999 mus,
396 1924 500 2005 qui
525 1945 634 1984 nos
656 1922 958 1983 ardentius
981 1921 1212 2014 diligat,
1234 1942 1417 2002 quam
1444 1943 1584 1981 eum
1614 1921 1835 2003 ipsum,
1858 1920 1963 2000 qui

219 2025 330 2090 pro
362 2006 537 2068 nobis
573 2027 762 2087 quum
803 2004 1003 2064 adhuc
1035 2003 1266 2064 inimici
1295 2003 1425 2083 ejus
1460 2025 1746 2077 essemus,
1774 2003 1962 2064 vitam

219 2089 520 2232 prosi-iam
548 2088 755 2148 volens
784 2086 1107 2168 exposuit?
1149 2086 1197 2147 si
1222 2107 1400 2167 porro
1429 2086 1579 2146 alius
1608 2086 1781 2146 nobis
1803 2108 1967 2166 quoe-

221 2193 323 2232 ren
368 2193 439 2232 us
468 2183 577 2242 est,
606 2170 711 2251 qui
741 2190 982 2230 summa
1010 2179 1140 2229 tum
1179 2168 1550 2242 auctoritate,
1577 2179 1708 2228 tum
1755 2182 1969 2251 poten-

220 2255 304 2315 tia
330 2253 622 2315 excellat:
665 2252 800 2334 quis
827 2262 1058 2312 tantam
1081 2272 1355 2331 unquam
1379 2250 1632 2333 adeptus
1653 2261 1761 2324 est,
1781 2272 1964 2331 quam

221 2337 321 2399 ille
369 2337 499 2419 ipse
540 2335 645 2417 qui
688 2335 764 2396 ad
805 2334 927 2395 Dei
970 2334 1160 2395 Patris
1201 2332 1474 2394 dextram
1518 2332 1706 2407 sedet,
1747 2333 1967 2414 cuique

220 2419 421 2480 omnis
462 2429 727 2502 potestas
770 2416 910 2478 data
950 2427 1044 2477 est
1084 2416 1145 2476 in
1186 2416 1345 2477 coelo
1373 2427 1436 2477 et
1464 2415 1524 2475 in
1555 2428 1727 2476 terra.
1813 2416 1967 2484 Quis

218 2500 479 2583 denique
588 2501 707 2561 tius
735 2498 1145 2561 exaudiendus
1172 2498 1352 2559 fuerit
1379 2521 1415 2558 a
1443 2497 1601 2572 Deo,
1621 2518 1806 2579 quam
1837 2498 1971 2558 uui-

220 2582 458 2727 genitus
487 2523 607 2658 iffi,
627 2595 689 2644 et
715 2581 891 2643 unice
919 2581 1174 2642 dilectus
1196 2580 1318 2642 Dei
1340 2581 1574 2642 Filius?
1617 2581 1760 2641 Sola
1788 2581 1970 2662 igitur

262 2665 551 2727 iffidentia
595 2686 823 2727 morem
871 2665 1034 2725 hunc
1076 2663 1334 2738 induxit,
1362 2686 1485 2746 quo
1521 2674 1759 2724 sanctos
1790 2665 1967 2743 (quos

222 2749 417 2809 colere
458 2754 768 2831 putamus)
810 2748 1102 2809 dedecore
1142 2747 1343 2830 potius
1378 2747 1692 2819 afficimus,
1719 2745 1869 2805 dum
1898 2767 1968 2805 ea

301 2842 547 2904 numus,
566 2853 702 2912 quae
730 2841 965 2891 tantum
997 2831 1167 2891 abest
1197 2841 1262 2890 ut
1293 2829 1377 2889 illi
1408 2851 1676 2910 unquam
1697 2828 1965 2888 viventes

222 2851 493 2987 zea-int,
522 2926 589 2974 ut
630 2913 830 3007 potius
871 2934 943 2980 ea
983 2923 1342 2986 constanter,
1369 2923 1430 2972 et
1467 2933 1576 2993 pro
1612 2910 1810 2971 officio
1840 2931 1968 2984 suo,

224 2995 555 3076 rejecerint,
599 2995 775 3056 sicuti
828 2996 1046 3076 scripta
1093 3015 1300 3055 eorum
1350 3005 1660 3055 testantur.
1745 2993 1967 3074 Neque

226 3077 328 3139 hic
355 3090 555 3139 nostra
583 3077 905 3159 indignitas
933 3077 1285 3160 proferenda
1309 3089 1402 3137 est
1431 3076 1505 3150 ad
1535 3088 1719 3137 tantae
1753 3075 1837 3135 im
1886 3075 1970 3136 ie·-

226 3162 365 3222 tatis
401 3161 869 3221 excusationem.
955 3159 1221 3220 Minime
1247 3161 1409 3220 enim
1441 3170 1644 3219 nostra
1668 3157 1806 3218 fulti
1835 3098 1969 3241 gig-

226 3243 414 3304 nitate
447 3264 653 3326 preces
685 3242 1007 3315 offerimus,
1034 3242 1138 3303 sed
1169 3243 1294 3303 sola
1320 3241 1572 3303 Domini
1604 3240 1788 3301 nostri
1816 3240 1968 3302 Jesu

227 3326 453 3387 Christi
492 3325 784 3408 dignitate
820 3336 883 3385 et
910 3325 1284 3399 excellentia,
1313 3324 1483 3404 cujus
1502 3323 1740 3403 justitia
1766 3335 1969 3386 nostra

226 3420 319 3471 est
351 3430 459 3492 per
484 3407 689 3482 fidem,
718 3406 876 3468 unde
906 3407 1120 3467 merito
1148 3407 1454 3489 apostolus
1483 3418 1551 3467 ut
1580 3428 1614 3467 a
1642 3406 1815 3467 nobis
1843 3406 1968 3468 ina-

226 3513 367 3553 nem
414 3491 578 3552 bunc
618 3491 898 3551 timorem
937 3492 1070 3569 (seu
1098 3490 1299 3567 potius
1326 3488 1752 3569 diffidentiam)
1785 3510 1969 3550 excu-

226 3573 358 3649 tint,
386 3572 699 3635 Christum
741 3573 827 3634 ait
867 3594 975 3655 per
1009 3572 1214 3633 omnia
1242 3572 1500 3634 similem
1529 3572 1755 3633 factum
1784 3572 1968 3634 finisse

229 3655 509 3719 iratribus
546 3658 689 3732 suis,
715 3668 786 3718 ut
824 3655 1156 3718 misericors
1194 3667 1349 3718 esset
1375 3667 1439 3717 et
1465 3653 1657 3717 fidelis
1687 3654 1965 3717 Pontifex
2004 3688 2012 3692 ·

1057 3757 1093 3798 Ζ
1121 3751 1160 3799 4
1640 3771 1673 3785 1
