2418 4172
518 416 627 472 872
1109 411 1669 467 cATEcHESIS

521 567 584 619 at
637 554 968 619 secundum
1027 553 1408 615 divinitatem
1459 574 1651 627 suam,
1694 550 2093 631 majestatem,
2133 573 2267 634 gra-

520 640 668 701 tiam
712 650 774 700 et
815 637 1131 721 Spiritum,
1175 636 1342 697 nullo
1385 657 1654 716 unquam
1698 646 1972 716 tempore
2012 655 2050 696 a
2090 634 2265 698 nobis

711 732 738 760 a

522 723 704 865 abis&
735 768 838 863 :An
865 823 1007 863 vero
1036 802 1152 862 isto
1172 810 1355 882 pacto
1383 801 1513 861 duoe
1542 808 1775 862 naturoe
1795 800 1862 861 in
1886 797 2129 861 Christo
2146 820 2267 861 non

522 885 914 959 divelluntur,
949 886 1005 946 si
1045 907 1164 946 non
1203 884 1286 945 sit
1327 892 1555 945 natura
1601 883 1886 955 humana,
1926 882 2269 966 ubicunque

522 977 613 1030 est
640 969 845 1030 divina
867 969 905 1026 9
1134 1023 1144 1031 .

604 1050 900 1111 Minime:
952 1048 1116 1108 Nam
1161 1069 1300 1109 cum
1345 1047 1625 1108 divinitas
1667 1046 2096 1130 comprehendi
2142 1068 2262 1109 nou

519 1147 720 1214 queat,
748 1143 810 1191 et
837 1129 1003 1190 omni
1034 1130 1168 1189 loco
1194 1151 1455 1223 praesens
1492 1130 1649 1200 sit⁰;
1691 1130 2027 1192 necessario
2060 1151 2267 1192 conse-

518 1215 743 1295 quitur,
769 1234 898 1273 esse
936 1233 1068 1271 eam
1114 1211 1360 1292 quidem
1400 1223 1570 1272 extra
1605 1223 1880 1274 naturam
1913 1211 2265 1286 humanam,

563 1318 702 1357 uam
748 1293 1050 1368 assumsit,
1079 1293 1183 1354 sed
1227 1293 1624 1355 nihilominus
1666 1305 1870 1356 tamen
1914 1315 2044 1355 esse
2074 1293 2257 1359 inem

517 1317 681 1452 dem,
710 1378 887 1458 eique
916 1376 1305 1459 personaliter
1331 1376 1563 1437 unitam
1595 1397 1946 1459 permanere
1963 1387 2008 1437 Ρ.

598 1474 699 1537 49.
734 1460 932 1525 Quem
931 1457 1226 1543 finctum
1248 1459 1419 1519 nobis
1446 1456 1654 1542 adfert
1680 1459 1952 1521 ascensio
1975 1457 2211 1521 Christi
2226 1459 2267 1519 9

598 1544 889 1617 Primum,
918 1541 1081 1624 quod
1111 1542 1173 1602 in
1203 1542 1361 1603 coelo
1387 1541 1548 1624 apud
1572 1543 1807 1604 Patrem
1838 1564 1949 1625 pro
1975 1541 2153 1604 nobie
2173 1541 2265 1605 in-

515 1626 767 1688 tercedit
787 1637 830 1686 q.
913 1624 1175 1700 Deinde,
1201 1624 1362 1707 quod
1406 1646 1645 1686 carnem
1690 1635 1956 1687 nostram
1998 1624 2063 1686 in
2103 1625 2265 1689 ooelo

515 1708 830 1781 habemus,
872 1719 942 1768 ut
989 1730 1063 1768 eo
1110 1718 1400 1789 tanquam
1448 1719 1611 1768 certo
1652 1707 1904 1790 pignore
1946 1708 2265 1769 omfirme-

514 1812 669 1864 mur,
707 1790 850 1864 fore,
888 1799 956 1851 ut
996 1789 1143 1872 ipse,
1172 1790 1277 1871 qui
1320 1801 1504 1873 caput
1545 1802 1813 1852 nostrum
1860 1800 1972 1864 est,
2002 1811 2111 1851 uos
2153 1811 2263 1851 sua

514 1874 788 1935 membra
826 1871 902 1933 ad
941 1894 1004 1932 se
1042 1873 1292 1933 extollat
1310 1883 1348 1933 ¹.
1432 1872 1658 1943 Tertio,
1686 1871 1848 1953 quod
1878 1871 2052 1934 nobis
2080 1893 2259 1934 suum

513 1955 808 2039 Spiritum
831 1954 1027 2015 mutui
1055 1954 1323 2037 pignoris
1351 1955 1485 2014 loco
1513 1954 1704 2015 mittit
1719 1965 1759 2027 ⁸,
1781 1954 1954 2035 cujus
1977 1953 2261 2029 efficacia,

514 2060 557 2099 n
668 2049 923 2109 terrena,
952 2035 1057 2096 sed
1085 2058 1342 2120 superna
1359 2036 1695 2117 ‘quaerimus
1715 2040 1752 2096 ‘.

635 2133 695 2181 0.
736 2119 864 2181 Gur
891 2118 1162 2194 additur,
1192 2118 1376 2181 Sedet
1405 2119 1490 2179 ad
1512 2118 1823 2181 dexteram
1850 2118 1982 2181 Des·
2002 2119 2041 2180 9

594 2202 757 2272 Quia
792 2201 1071 2263 Christus
1114 2201 1250 2263 ideo
1292 2202 1354 2262 in
1398 2202 1623 2263 coelum
1669 2200 1957 2276 ascendit,
1985 2211 2056 2264 ut
2082 2222 2149 2264 se
2173 2200 2257 2265 ibi

510 2296 694 2368 caput
723 2307 844 2346 suae
871 2284 1161 2347 Ecclesiae
1189 2285 1513 2347 declararet
1532 2295 1579 2360 ¹⁸,
1606 2306 1714 2367 per
1741 2283 1906 2365 quod
1924 2284 2104 2351 Pater
2126 2305 2259 2346 om·

509 2368 609 2429 nia
638 2369 935 2450 gubernat
955 2378 1003 2426 ¹.

516 2462 695 2593 Ch51.
732 2450 905 2592 quid
941 2449 1110 2511 nobis
1139 2449 1393 2531 prodest
1429 2449 1553 2527 Iunc
1578 2448 1789 2532 gloria
1816 2450 2014 2512 noch-1⁶
2039 2449 2258 2531 capitis

610 2533 752 2594 risti

592 2615 888 2687 Primum,
916 2613 1079 2696 quod
1115 2635 1223 2696 per
1250 2613 1545 2696 Spiritum
1576 2612 1867 2675 Sanctum
1907 2613 1972 2676 in
2010 2635 2119 2677 no·
2147 2635 2256 2677 aua

508 2698 802 2768 membra,
851 2696 1121 2758 coelestia
1168 2694 1328 2756 dona
1374 2695 1626 2757 effundit
1651 2711 1698 2757 7.
1780 2694 2044 2772 Deinde,
2090 2696 2255 2779 quod

506 2802 619 2925 3οἕ
665 2802 777 2923 εὲιρὲ
812 2779 1084 2863 potentia
1133 2790 1341 2840 contra
1380 2800 1594 2840 omnes
1638 2779 1839 2841 hostes
1880 2779 2143 2864 protegit
2183 2802 2255 2843 ac

549 2886 582 2925 e
609 2886 682 2924 en
731 2883 748 2923 ι
796 2874 840 2922 ⁸.

592 2957 694 3008 52.
730 2945 905 3011 Quid
942 2953 1004 3007 te
1045 2943 1391 3006 consolatur
1431 2944 1669 3007 reditus
1704 2942 1936 3008 Christ-2·
1969 2945 2057 3010 ad
2071 2945 2254 3028 Jundi-

508 3030 768 3091 candum
793 3030 958 3091 vivos
985 3036 1047 3090 et
1073 3036 1339 3089 mortuos
1360 3028 1399 3087 9

590 3111 774 3183 Quod
831 3114 891 3173 in
948 3111 1232 3174 omnibus
1291 3110 1543 3171 miseriis
1600 3122 1662 3172 et
1716 3109 2252 3195 persecutionibus,

573 3246 594 3270 ¹¹
614 3237 729 3287 Joh.
752 3235 842 3285 xiv.
872 3235 949 3293 16,
980 3249 1055 3299 ¹7·
1125 3235 1252 3301 Eph.
1277 3234 1336 3283 iv.
1363 3235 1410 3283 8.
1613 3242 1635 3267 ⁰
1663 3235 1755 3285 Isa-
1778 3233 1885 3284 lxvi.
1917 3250 1957 3284 ι.
1977 3244 2030 3284 ot
2049 3235 2159 3286 Act.
2173 3232 2247 3283 vii.

508 3319 591 3368 49.
639 3306 747 3354 Act.
769 3302 875 3353 xvii.
902 3317 981 3367 27.
1010 3304 1089 3352 28.
1140 3303 1239 3351 Jer.
1264 3301 1387 3351 xxiii.
1416 3318 1493 3367 ²³·
1523 3318 1602 3365 24.
1705 3311 1728 3344 Ρ
1758 3300 1943 3352 0010..
1967 3300 2017 3352 ii.
2039 3317 2089 3367 9.
2133 3300 2246 3351 soh.

506 3370 574 3420 iii.
616 3386 689 3435 ¹3·
721 3381 771 3420 et
801 3372 863 3419 xi.
891 3383 967 3435 15.
1032 3370 1179 3420 Matt.
1202 3368 1355 3419 xxviii.
1377 3371 1424 3419 6.
1575 3378 1598 3412 ‘⁸
1632 3385 1649 3419 ι
1670 3369 1781 3420 soh.
1805 3368 1852 3418 ii.
1885 3384 1927 3418 1.
1989 3368 2135 3421 Rom.
2156 3364 2245 3419 ‹ffi-

509 3453 592 3501 34.
731 3446 747 3469 ’
765 3438 877 3488 Joh.
901 3437 990 3488 xiv.
1015 3453 1061 3488 a.
1085 3447 1135 3487 et
1156 3453 1231 3486 xx.
1264 3450 1336 3499 ¹7·
1391 3437 1516 3502 Eph.
1542 3437 1591 3487 ii.
1614 3437 1663 3486 6.
1800 3444 1816 3468 ⁸
1837 3436 1952 3486 soh.
1976 3434 2068 3484 xiv.
2099 3433 2174 3484 16.
2195 3444 2246 3482 et
2342 3479 2350 3487 .
2373 3487 2380 3499 ,

511 3507 600 3554 xvi.
628 3519 673 3568 7.
732 3506 840 3554 Act.
865 3503 914 3555 ii.
939 3520 1021 3570 33.
1082 3521 1108 3554 ο
1133 3506 1244 3554 Cor.
1269 3504 1300 3554 i.
1327 3520 1405 3562 οι,
1433 3520 1511 3555 22.
1537 3514 1587 3555 et
1611 3521 1652 3553 v.
1678 3516 1727 3569 5.
1864 3507 1879 3536 ¹
1909 3499 2175 3552 Goba-iii.
2202 3516 2242 3550 ι.

510 3572 631 3620 Phil.
662 3571 728 3620 iii.
761 3587 840 3630 20,
876 3588 955 3622 αι.
1158 3579 1184 3603 ¹¹
1213 3571 1340 3639 pr.
1372 3573 1405 3621 ἰ.
1436 3586 1649 3635 20—23.
1672 3580 1723 3620 et
1746 3586 1788 3620 v.
1814 3584 1893 3634 ²³·
1961 3565 2071 3617 col.
2102 3566 2134 3618 i.
2169 3569 2243 3619 ¹8.

512 3647 535 3670 ⁸
570 3639 714 3686 Mau.
749 3638 899 3688 xxviii.
942 3639 1019 3688 18.
1095 3639 1209 3689 Joh.
1247 3655 1288 3688 v.
1330 3654 1406 3688 υ.
1613 3645 1635 3678 r
1664 3636 1790 3703 aph.
1826 3634 1887 3684 iv.
1930 3648 2006 3691 ιο,
2049 3650 2123 3693 n.
2167 3650 2241 3685 n.

511 3710 529 3733 ⁸
566 3703 687 3751 Psal.
713 3703 763 3752 ii.
787 3719 836 3766 9.
860 3715 909 3753 et
931 3720 1003 3754 cx.
1038 3720 1076 3761 ι.
1106 3720 1149 3752 2.
1205 3705 1318 3753 Joh.
1343 3721 1387 3753 x.
1414 3705 1493 3759 28.
1517 3719 1597 3766 29,
1615 3718 1695 3766 30.
1755 3701 1880 3766 eph.
1905 3698 1963 3749 iv.
1989 3700 2036 3748 8.
