2418 4172
503 401 613 459 870
1072 399 1656 456 CATEOHESIS

510 554 722 639 ceptus
784 564 941 617 sum,
1002 554 1189 627 tegat,
1253 565 1332 605 ne
1391 543 1453 604 in
1517 552 1910 626 conspectum
1972 543 2096 606 Dei
2161 565 2260 605 ve-

515 638 688 688 mant
703 638 750 687 ⁰.

597 719 702 786 37.
738 708 912 774 Quid
936 707 1133 770 credis
1161 729 1297 770 cum
1326 707 1480 769 dieis
1499 731 1523 771 .·
1569 705 1805 768 Passns
1833 716 1924 770 est
1947 709 1987 769 9

599 791 763 854 Eum
794 802 924 853 toto
951 790 1196 874 quidem
1227 790 1366 851 vitae
1397 812 1518 851 suoe
1547 801 1820 873 tempore
1845 812 1968 873 quo
1995 789 2059 851 in
2091 789 2262 852 terris

518 874 663 957 egit,
689 874 989 958 praecipue
1033 895 1169 934 vero
1212 874 1273 934 in
1318 872 1447 953 ejus
1489 884 1780 946 extremo,
1810 874 1957 934 iram
1994 872 2117 935 Dei
2158 871 2267 934 ad-

517 978 721 1019 versus
764 967 1080 1039 peccatum
1125 955 1382 1017 universi
1425 955 1658 1038 generis
1703 955 1974 1031 humani,
2016 976 2264 1040 corpore

518 1051 582 1101 et
624 1039 825 1100 anima
867 1038 1306 1108 sustinuissem
1356 1049 1425 1098 ut
1474 1060 1581 1099 sua
1629 1038 1928 1120 passione,
1973 1050 2262 1121 tanquam

517 1122 699 1183 unico
748 1120 1037 1181 sacrificio
1086 1119 1499 1203 propitiatorio
1515 1130 1562 1194 ⁴³,
1610 1141 1824 1201 corpus
1880 1131 1942 1182 et
1997 1121 2264 1182 animam

518 1214 783 1264 nostram
828 1203 904 1262 ab
946 1211 1166 1262 aeterna
1212 1201 1599 1262 damnatione
1648 1201 1944 1277 liberaret,
1983 1214 2047 1264 et
2089 1202 2265 1265 nobis

519 1285 773 1368 gratiam
795 1284 936 1358 Dei,
952 1283 1253 1364 justitiam
1284 1293 1347 1344 et
1362 1283 1549 1345 vitam
1577 1294 1862 1345 aeternam
1891 1283 2243 1366 acquireret.

602 1378 704 1429 38.
749 1366 920 1432 Quid
960 1387 1151 1428 causae
1171 1363 1337 1451 fuit,
1368 1387 1478 1427 cur
1516 1365 1628 1427 sub
1648 1365 1869 1448 judice
1903 1366 2131 1429 Pontio
2155 1365 2271 1429 Pi-

521 1449 649 1511 lato
668 1458 990 1530 pateretur
1015 1450 1054 1509 Ρ

607 1532 700 1595 Ut
746 1532 1035 1593 innocens
1080 1552 1280 1592 coram
1325 1526 1533 1611 judice
1591 1528 1838 1612 politico
1886 1529 2214 1594 damnatus
2228 1542 2270 1607 ²,

521 1637 631 1676 nos
661 1637 696 1675 a
723 1637 926 1676 severo
953 1613 1071 1676 Dei
1090 1613 1344 1695 judici0,
1371 1612 1532 1695 quod
1561 1633 1774 1674 omnes
1809 1614 2114 1687 manebat,
2140 1613 2270 1676 exi-

522 1708 714 1760 meret
726 1708 766 1757 ⁸.

604 1789 707 1855 39.
750 1779 974 1840 Est-ne
1012 1798 1157 1839 vero
1240 1776 1490 1838 uiddam
1533 1777 1812 1859 amplius,
2049 1777 2272 1864 qffiz-us

523 1870 614 1924 est
642 1862 829 1937 eruci,
855 1882 1038 1945 quam
1064 1861 1121 1922 si
1148 1798 1519 1943 agogenere
1542 1861 1813 1922 mortis-a
1869 1869 2036 1924 ectus
2056 1870 2212 1923 esset
2232 1864 2271 1923 ‚⁹

605 1944 765 2006 Sane
804 1945 1099 2026 amplius:
1141 1942 1239 2002 Ex
1287 1943 1401 2003 hac
1438 1942 1601 2003 enim
1631 1964 1694 2003 re
1722 1964 1860 2003 sum
1889 1954 2107 2020 certus,
2131 1967 2266 2007 eam

521 2026 1028 2099 maledictionem,
1069 2046 1203 2106 quoe
1248 2023 1402 2084 mihi
1453 2024 1863 2099 incumbebat,
1904 2026 1969 2086 in
2019 2048 2084 2087 se
2123 2027 2271 2090 reci·

523 2110 715 2194 pisse:
758 2130 902 2169 nam
932 2128 1093 2169 mors
1122 2105 1313 2168 crucis
1343 2128 1379 2166 a
1404 2105 1544 2166 Deo
1572 2117 1699 2167 erat
1728 2105 2045 2171 maledicta
2066 2112 2105 2169 ἴ.

606 2205 705 2253 4ο.
770 2191 902 2253 Cur
955 2211 1194 2252 necesse
1201 2186 1386 2313 suit,
1432 2198 1503 2251 ut
1554 2189 1837 2251 Christus
1890 2190 1978 2252 ad
2020 2200 2272 2254 mortem

521 2296 596 2337 us
638 2296 714 2335 ue
738 2295 804 2335 se
832 2274 1173 2335 demitteret
1197 2320 1210 2332 .

615 2426 625 2434 .
687 2368 947 2440 optet-ea,
990 2354 1153 2438 quod
1201 2353 1452 2436 justitiae
1508 2364 1572 2415 et
1614 2354 1849 2416 veritati
1893 2354 2061 2416 Dei-¹
2101 2355 2272 2418 nullo

525 2440 642 2502 alio
671 2451 851 2524 pacto
879 2461 988 2522 pro
1019 2437 1234 2499 nostris
1264 2436 1525 2520 peccatis
1546 2437 1746 2519 potuit
1766 2437 2060 2512 satisfieri,
2082 2460 2268 2520 quam

525 2524 655 2607 ipsa
684 2533 877 2583 morte
906 2521 1044 2582 Filii
1075 2520 1196 2581 Dei
1211 2532 1258 2580 ¹.

608 2617 710 2665 41.
747 2605 960 2670 Quare
987 2603 1171 2664 etiam
1197 2602 1470 2683 sepultus
1498 2610 1591 2663 est
1609 2602 1647 2662 Ρ

612 2687 704 2750 Ut
731 2709 804 2749 eo
831 2697 1118 2748 testatum
1148 2685 1388 2758 faceret,
1417 2707 1481 2746 se
1507 2707 1644 2745 vere
1675 2696 1981 2747 mortuum
2009 2706 2140 2747 esse
2156 2696 2203 2746 Υ.

613 2783 716 2833 42.
743 2770 835 2832 At
862 2791 997 2831 cum
1032 2768 1315 2829 Christus
1334 2790 1452 2849 pro
1478 2768 1647 2829 nobis
1666 2777 1918 2830 mortem
1937 2768 2274 2851 oppetierit,

529 2876 642 2916 cur
668 2853 839 2916 nobis
865 2873 1098 2937 quoque
1126 2859 1215 2913 est
1243 2852 1614 2913 moriendum
1635 2852 1674 2911 9

613 2936 787 2999 Mors
824 2947 1029 2998 nostra
1062 2956 1182 2996 non
1218 2945 1310 2996 est
1337 2957 1447 3018 pro
1473 2933 1734 3018 peccatis
1763 2932 1980 2996 nostris
2008 2931 2275 2996 satisfac-

529 3021 635 3096 tio,
663 3019 766 3082 sed
805 3018 1034 3104 peccati
1073 3017 1338 3093 abolitio,
1365 3030 1427 3080 et
1462 3017 1745 3079 transitus
1784 3016 1846 3078 in
1883 3016 2069 3079 vitsm
2104 3026 2275 3079 aeter-

532 3125 671 3166 nam
691 3114 734 3165 ¹.

596 3241 620 3266 ⁰
652 3234 776 3283 Psal.
793 3232 930 3283 mii.
954 3249 994 3282 1.
1075 3249 1092 3283 1
1120 3234 1228 3284 Cor.
1252 3232 1284 3281 i.
1302 3247 1383 3295 30.
1465 3232 1610 3281 Rom.
1635 3231 1728 3281 viii.
1754 3246 1802 3295 3,
1826 3247 1874 3294 4.
1932 3230 2045 3281 Gal.
2066 3230 2128 3282 iv·
2147 3245 2201 3293 4.
2223 3245 2273 3296 5.

531 3309 555 3342 Ρ
585 3316 602 3350 1
631 3302 732 3351 Pet.
757 3300 808 3350 ii.
837 3315 916 3364 24.
937 3310 987 3350 et
1011 3299 1076 3349 iii.
1110 3302 1184 3350 18.
1250 3300 1341 3349 11111.
1368 3298 1449 3348 liii.
1482 3315 1556 3348 12.
1760 3308 1783 3340 ‘⁸
1812 3314 1831 3348 1
1859 3298 1974 3347 Job.
1998 3296 2048 3347 ii.
2069 3314 2115 3348 ο.
2137 3309 2192 3348 et
2211 3296 2272 3347 iv.

541 3384 617 3418 10.
686 3369 831 3418 Rom.
854 3367 919 3418 iii.
946 3380 1024 3432 25,
1053 3367 1131 3417 26.
1283 3375 1300 3398 ⁸
1328 3367 1449 3416 Luc.
1474 3365 1599 3415 xxiii.
1632 3381 1706 3429 13.
1730 3381 1803 3428 14,
1828 3378 1905 3429 15.
1971 3364 2086 3444 3011.
2107 3362 2198 3414 xix.
2220 3377 2271 3425 4.

531 3441 550 3466 ·
583 3435 901 3498 Pssl.lxix.4.
995 3436 1088 3485 Isa.
1106 3433 1322 3499 1ἰίἱ.4,5.
1419 3450 1446 3484 α
1472 3435 1584 3483 Cor.
1609 3450 1651 3482 v.
1681 3448 1759 3482 υ.
1859 3431 1968 3481 Gal.
1991 3430 2058 3481 ini.
2087 3444 2164 3494 ¹3·
2196 3444 2270 3494 14.
2359 3431 2407 3471 -‘

531 3507 545 3534 ¹
582 3503 728 3552 Dent.
752 3501 844 3552 xxi.
874 3518 951 3567 23.
1155 3509 1178 3533 ¹¹
1215 3500 1411 3551 (3011.ἰί
1445 3514 1519 3563 ¹7·
1682 3566 1693 3577 ι
1727 3508 1749 3532 ⁸
1780 3500 1909 3549 Heb.
1934 3496 1983 3547 ii.
2087 3511 2162 3559 14.
2195 3510 2269 3575 ¹..⁵.·
2382 3491 2397 3502 “

533 3568 654 3618 Phil.
680 3569 728 3619 ii.
751 3570 798 3618 8.
981 3578 1005 3611 5
1036 3571 1142 3619 Aet.
1167 3568 1260 3619 xiii.
1288 3584 1366 3634 ²9·
1423 3568 1567 3617 Matt.
1593 3566 1728 3616 xxvii.
1753 3565 1942 3683 5ἓὶ60ἶ
2141 3579 2269 3614 mu.
2379 3627 2392 3654 .-

532 3648 613 3711 53.
639 3649 719 3698 53.
776 3635 889 3685 soh.
913 3636 1004 3685 xix.
1033 3637 1247 3699 38—42.
1386 3644 1406 3668 ¹
1438 3635 1552 3682 soh.
1578 3650 1619 3682 v.
1647 3648 1726 3693 2⁴·
1854 3630 1903 3680 il.
1926 3645 1958 3678 1.
1987 3644 2065 3692 ²3·
2124 3630 2267 3680 Rom.

531 3714 609 3748 vn.
638 3716 717 3762 24,
745 3714 824 3764 25.

2376 3550 2395 3623 ἑ

2368 3699 2391 3779 ξ,

2365 3787 2389 3843 δ

2340 3846 2394 4172 Ι
