2418 4172
512 394 621 451 268
1142 397 1628 454 CONFESSIO

508 548 774 622 sperate,
811 539 869 601 id
912 554 1022 615 est,
1052 562 1169 601 non
1220 540 1407 602 dubia
1454 563 1492 602 o
1537 541 1759 617 inione,
1788 541 1891 604 sed
1933 545 2110 606 firma
2150 565 2258 628 spe

507 634 826 706 expectate
852 623 1037 684 vitam
1084 636 1393 698 aeternam,
1422 624 1478 684 vi
1524 624 1701 686 elicet
1740 636 1986 708 propter
2022 627 2259 690 Media-

507 716 717 767 torem.
778 707 860 767 Et
891 719 1048 768 recte
1078 707 1454 789 Augustinus
1485 708 1701 789 inquit,
1729 708 1992 770 “Totius
2020 710 2255 772 fiducia

504 795 542 825 “
570 789 866 850 certitudo
895 802 985 851 est
1017 790 1073 850 in
1105 792 1396 873 sanguine
1426 791 1701 851 Christi.”
1755 790 2102 873 Utrumque
2128 814 2256 853 cer-

503 870 805 932 tissimum
850 872 945 945 sit,
975 885 1252 954 agentem
1293 873 1713 956 poenitentiam
1755 886 2000 956 propter
2028 874 2251 936 Filium

501 953 621 1014 Dei
652 953 834 1036 gratis’
866 954 984 1015 fide
1022 956 1289 1038 accipere
1319 956 1727 1018 remissionem
1760 969 2163 1039 peccatorum,
2191 969 2254 1018 et

490 1035 1009 1116 justificationem,
1036 1049 1097 1097 et
1128 1038 1292 1098 hunc
1320 1060 1448 1099 esse
1492 1038 1790 1099 haeredem
1823 1039 1958 1100 vitae
1997 1051 2253 1115 *etei-nm,

501 1118 655 1180 sieut
686 1119 906 1178 Paulus
945 1118 1180 1199 inquit:
1231 1120 1593 1203 Quicunque
1623 1121 1673 1182 S
1722 1122 1736 1135 ⁶
1778 1122 1862 1181 'tu
1890 1120 2020 1183 Dei
2054 1144 2252 1206 agun-

499 1209 622 1274 tur,
650 1202 715 1261 112·
754 1209 896 1261 sunt
912 1198 1060 1283 filii
1088 1202 1219 1262 Dei
1235 1226 1263 1262 τ
1300 1203 1358 1262 si
1400 1211 1604 1263 autem
1647 1144 1782 1279 tilii,
1811 1203 2078 1266 heoredes
2104 1206 2251 1281 Dei,

498 1286 608 1344 &c.
695 1282 780 1343 Et
801 1295 1023 1347 tamen
1069 1283 1246 1344 simul
1277 1305 1483 1344 verum
1525 1296 1637 1358 est,
1667 1307 1768 1345 eos
1802 1286 1905 1367 qui
1935 1287 2252 1351 effundunt

495 1365 788 1448 Spiritum
834 1366 1151 1441 Sanctum,
1193 1366 1539 1427 deficientes
1589 1389 1624 1428 a
1673 1367 1813 1441 fide,
1855 1379 1961 1428 aut
2008 1384 2250 1431 ruentes

494 1461 703 1510 contra
732 1449 1183 1523 conscientiam,
1211 1471 1325 1510 nec
1351 1449 1606 1511 redeunt
1634 1450 1710 1511 ad
1739 1450 1946 1511 Deum
1979 1473 2088 1534 per
2116 1472 2250 1534 poe⁴

493 1532 831 1608 nitentium,
861 1555 982 1594 non
1022 1555 1150 1593 esse
1190 1533 1477 1606 haeredes,
1507 1532 1663 1595 sicut
1694 1533 1913 1595 dicitur
1942 1533 2016 1595 ad
2047 1533 2248 1597 Galat.

499 1614 629 1679 Qui
671 1615 826 1676 talia
866 1624 1081 1698 agunt,
1107 1638 1178 1676 re
1265 1637 1367 1677 um
1396 1616 1526 1677 Dei
1561 1638 1679 1677 non
1708 1617 2140 1698 possidebunt,·
2185 1630 2249 1681 et

496 1709 522 1759 1
554 1698 825 1759 Timoth.
851 1699 887 1758 i.
913 1698 1132 1760 Milita
1206 1720 1385 1759 onam
1429 1699 1732 1772 militiam,
1778 1699 2246 1783 habensfidem,

493 1789 553 1843 et
600 1781 811 1842 bonam
862 1781 1309 1853 conscientiam,
1359 1802 1543 1863 quam
1588 1783 1835 1865 quidam
1882 1782 2247 1864 repellentes

491 1864 656 1925 eirca
670 1863 877 1962 fidem
919 1862 1325 1962 natfiagizfm
1344 1862 1689 1961 sefer-unt,-
1735 1877 1797 1925 et
1840 1865 2241 1963 Matth3xxv.

489 1947 760 2021 Esurwz,
790 1955 850 2008 et
878 1969 997 2008 non
1026 1947 1279 2009 dede-stes
1306 1947 1450 2007 milit
1478 1947 1873 2010 manducare.
1948 1948 2041 2010 Et
2066 1949 2244 2010 abunt

488 2030 553 2091 ki
601 2031 666 2091 in
713 2029 1077 2111 supplicium
1125 2038 1435 2103 aetmum,
1465 2029 1637 2112 justi
1686 2038 1892 2091 autem
1940 2030 2006 2091 in
2053 2031 2243 2095 vitant

486 2121 792 2175 aetermam.
878 2113 1178 2173 Coeterum
1225 2111 1336 2173 etsi
1365 2112 1489 2172 vita
1530 2123 1751 2173 aeterna
1792 2111 1969 2174 datur
1996 2125 2246 2197 propter

486 2195 710 2256 Filium
751 2194 872 2255 Dei
905 2194 1146 2268 renatiS,
1178 2206 1382 2255 tamen
1425 2194 1603 2256 simul
1648 2196 1831 2256 etiam
1875 2206 1969 2256 est
2009 2218 2240 2260 meroes

485 2280 780 2339 bonorum
826 2301 1100 2363 operum,
1143 2278 1300 2339 sicut
1341 2277 1595 2339 dicitur:
1641 2278 1887 2340 Illerces
1914 2287 2119 2341 vestra
2147 2301 2242 2342 ω-

475 2363 653 2442 piosa
685 2371 775 2423 est
802 2363 866 2422 in
896 2361 1074 2422 coelv‘s.
1161 2360 1254 2422 Ut
1296 2361 1726 2443 patrimonium
1767 2374 1859 2423 est
1897 2384 2126 2424 meroes
2155 2364 2241 2425 la-

485 2447 695 2506 borum
729 2445 857 2516 filii,
888 2443 1120 2505 etiamsi
1209 2466 1272 2503 ro
1318 2455 1407 2503 ter
1436 2444 1612 2504 aliam
1644 2466 1883 2504 causam
1915 2445 2042 2505 filio
2069 2447 2238 2507 attri-

483 2527 703 2589 buitur.
793 2528 1082 2588 Praeterea
1119 2548 1152 2585 a
1197 2526 1256 2586 di
1306 2526 1350 2586 it
1379 2526 1550 2587 Deus
1582 2527 1755 2588 bonis
1785 2527 2067 2609 operibus
2096 2550 2235 2590 suaa

482 2609 771 2691 quasdam
806 2609 1264 2692 promissiones:
1310 2630 1495 2690 quare
1523 2620 1584 2669 et
1613 2631 1722 2692 pro
1753 2610 1922 2670 bonis
1951 2632 1990 2670 o
2069 2610 2234 2673 ribus

481 2704 819 2754 sanctorum
852 2692 1062 2752 tribuit
1090 2691 1261 2751 Deus
1290 2691 1470 2752 etiam
1504 2690 1562 2751 in
1598 2692 1711 2756 hac
1739 2692 1863 2753 vita
1892 2714 1998 2754 mu
2024 2706 2086 2754 ta
2113 2694 2237 2777 spi·
2392 2674 2409 2821 ἑ

480 2775 714 2836 ritualia
763 2787 825 2836 et
867 2774 1196 2859 corporalia
1237 2774 1415 2844 dona,
1445 2775 1589 2835 aiias
1633 2776 1823 2850 aliter,
1853 2787 1923 2836 ut
1968 2776 2081 2860 ipsi
2124 2798 2234 2839 sua
2395 2829 2401 2843 ..

482 2858 857 2919 inenarrabili
899 2857 1190 2940 sapientia
1218 2856 1471 2917 videtur.
1550 2869 1572 2917 1
1604 2858 1876 2919 Timoth.
1907 2858 1983 2919 iv.
2014 2857 2234 2922 Pietas
2390 2883 2403 2955 j

479 2941 659 3004 habet
670 2941 1099 3023 promissiones
1110 2941 1428 3022 presentis
1447 2949 1507 3001 et
1502 2941 1752 3023 fiaturae
1767 2942 1921 3004 vt'tae.
1954 2941 2149 3004 Marci
2169 2964 2229 3005 x.
2392 2964 2395 2966 ’

481 3025 800 3107 Recipient
828 3022 1175 3105 centuplum
1218 3024 1284 3083 in
1327 3022 1443 3084 hac
1479 3025 1628 3098 vita,
1655 3024 1765 3085 sed
1800 3046 1936 3085 cum
1967 3025 2230 3088 tribula-

477 3108 659 3182 tione,
683 3116 743 3169 et
764 3116 905 3189 post
935 3107 1093 3167 lianc
1119 3107 1324 3180 vitam,
1345 3108 1534 3168 vitam
1561 3116 1864 3169 ‹tter-nam.
1910 3108 2136 3170 Matth.
2167 3129 2225 3171 x.

483 3189 613 3256 Qui
654 3190 889 3253 dederit
925 3198 1137 3272 potum
1174 3189 1283 3250 uni
1322 3210 1396 3250 ex
1426 3191 1688 3251 minimis
1720 3212 1768 3271 p
1909 3211 1980 3252 er
2005 3191 2241 3254 doctri-

475 3295 636 3349 nam,
663 3296 784 3335 non
812 3273 1029 3356 perdet
1065 3272 1412 3334 mercedem.
1484 3272 1668 3334 Lucoe
1700 3273 1776 3334 vi.
1946 3294 2001 3348 e,
2030 3282 2094 3336 et
2115 3273 2226 3336 da-

475 3355 641 3418 bitur
665 3356 848 3419 vobis.
901 3355 1096 3417 Exod.
1127 3377 1229 3417 xx.
1264 3356 1524 3417 Honora
1559 3364 1805 3437 patrem
1849 3365 1910 3418 et
1948 3363 2223 3430 mou-em,

474 3447 544 3499 ut
586 3440 669 3501 sis
712 3439 1015 3524 tongaevus
1054 3460 1246 3535 supra
1288 3447 1540 3501 terram.
1611 3439 1753 3500 Eas.
1780 3437 1992 3500 xxxiii.
2020 3434 2222 3498 Pani-5
2382 3495 2386 3499 .

475 3522 531 3579 εἰ
567 3522 831 3596 dabitur,
871 3543 1041 3606 σφωε
1082 3543 1213 3604 qus
1254 3531 1436 3583 erunt
1474 3530 1693 3584 certo.-
1747 3522 1977 3604 Regen·
2014 3517 2083 3579 ιἰι
2117 3518 2219 3581 de-
2376 3535 2390 3572 ν

474 3623 608 3662 core
635 3605 940 3678 videbunt,
968 3604 1027 3664 id
1057 3617 1167 3674 est,
1241 3625 1307 3664 ro
1342 3604 1685 3666 obedientia
1722 3613 1785 3663 et
1811 3600 1987 3662 boni·
2021 3602 2218 3684 operi-
2359 3609 2387 3675 ’,ζ

474 3683 585 3744 bus
618 3684 786 3745 Deus
815 3685 917 3746 dat
958 3626 1310 3765 tranquiiias
1349 3685 1604 3767 politian,
1634 3684 1946 3745 honestam
1984 3693 2048 3744 et
2084 3684 2214 3767 pia·
2362 3687 2391 3748 ἓ

2333 3771 2390 4172 k
