<?xml version="1.0" encoding="UTF-8"?>
<!DOCTYPE html PUBLIC "-//W3C//DTD XHTML 1.0 Transitional//EN"
    "http://www.w3.org/TR/xhtml1/DTD/xhtml1-transitional.dtd">
<html xmlns="http://www.w3.org/1999/xhtml" xml:lang="en" lang="en">
 <head>
  <title>
</title>
<meta http-equiv="Content-Type" content="text/html;charset=utf-8" />
  <meta name='ocr-system' content='tesseract 3.04.00' />
  <meta name='ocr-capabilities' content='ocr_page ocr_carea ocr_par ocr_line ocrx_word'/>
</head>
<body>
  <div class='ocr_page' id='page_1' title='image "./syllogeconfessio00oxfouoft_0274.png"; bbox 0 0 2418 4172; ppageno 0'>
   <div class='ocr_carea' id='block_1_1' title="bbox 448 333 1547 388">
    <p class='ocr_par' dir='ltr' id='par_1_1' title="bbox 448 333 1547 388">
     <span class='ocr_line' id='line_1_1' title="bbox 448 333 1547 388; baseline 0.004 -4"><span class='ocrx_word' id='word_1_1' title='bbox 448 333 555 385; x_wconf 73' lang='lat'>252</span> <span class='ocrx_word' id='word_1_2' title='bbox 1058 334 1547 388; x_wconf 83' lang='lat' dir='ltr'>CONFESSIO</span> 
     </span>
    </p>
   </div>
   <div class='ocr_carea' id='block_1_2' title="bbox 422 476 2197 3633">
    <p class='ocr_par' dir='ltr' id='par_1_2' title="bbox 422 476 2197 3633">
     <span class='ocr_line' id='line_1_2' title="bbox 446 476 2197 559; baseline 0.002 -23"><span class='ocrx_word' id='word_1_3' title='bbox 446 477 600 538; x_wconf 89' lang='lat' dir='ltr'>rium</span> <span class='ocrx_word' id='word_1_4' title='bbox 645 498 882 559; x_wconf 83' lang='lat' dir='ltr'>semper</span> <span class='ocrx_word' id='word_1_5' title='bbox 920 476 1051 550; x_wconf 85' lang='lat' dir='ltr'>fuit,</span> <span class='ocrx_word' id='word_1_6' title='bbox 1094 488 1203 548; x_wconf 89' lang='lat' dir='ltr'>est,</span> <span class='ocrx_word' id='word_1_7' title='bbox 1241 488 1303 537; x_wconf 88' lang='lat' dir='ltr'>et</span> <span class='ocrx_word' id='word_1_8' title='bbox 1344 477 1458 538; x_wconf 89' lang='lat' dir='ltr'>erit</span> <span class='ocrx_word' id='word_1_9' title='bbox 1499 477 1708 539; x_wconf 81' lang='lat' dir='ltr'>efficax</span> <span class='ocrx_word' id='word_1_10' title='bbox 1745 477 1934 539; x_wconf 77' lang='lat' dir='ltr'>Filius</span> <span class='ocrx_word' id='word_1_11' title='bbox 1965 477 2080 540; x_wconf 89' lang='lat' dir='ltr'>Dei</span> <span class='ocrx_word' id='word_1_12' title='bbox 2126 478 2197 540; x_wconf 72' lang='lat' dir='ltr'>iu&#39;</span> 
     </span>
     <span class='ocr_line' id='line_1_3' title="bbox 445 559 2193 645; baseline 0.001 -24"><span class='ocrx_word' id='word_1_13' title='bbox 445 559 845 634; x_wconf 77' lang='lat' dir='ltr'>credentibus,</span> <span class='ocrx_word' id='word_1_14' title='bbox 882 560 1034 621; x_wconf 92' lang='lat' dir='ltr'>sicut</span> <span class='ocrx_word' id='word_1_15' title='bbox 1080 559 1259 620; x_wconf 89' lang='lat' dir='ltr'>Rom.</span> <span class='ocrx_word' id='word_1_16' title='bbox 1292 560 1328 621; x_wconf 93' lang='lat' dir='ltr'>i.</span> <span class='ocrx_word' id='word_1_17' title='bbox 1357 559 1607 621; x_wconf 84' lang='lat' dir='ltr'>dicitur:</span> <span class='ocrx_word' id='word_1_18' title='bbox 1651 560 2058 645; x_wconf 77' lang='lat' dir='ltr'>Evangelium</span> <span class='ocrx_word' id='word_1_19' title='bbox 2099 569 2193 623; x_wconf 70' lang='lat' dir='ltr'>est</span> 
     </span>
     <span class='ocr_line' id='line_1_4' title="bbox 435 642 2193 724; baseline 0.001 -20"><span class='ocrx_word' id='word_1_20' title='bbox 435 644 714 724; x_wconf 78' lang='lat' dir='ltr'>potentia</span> <span class='ocrx_word' id='word_1_21' title='bbox 758 643 905 717; x_wconf 76' lang='lat' dir='ltr'>Dei,</span> <span class='ocrx_word' id='word_1_22' title='bbox 946 643 1030 704; x_wconf 85' lang='lat' dir='ltr'>ad</span> <span class='ocrx_word' id='word_1_23' title='bbox 1074 642 1329 704; x_wconf 77' lang='lat' dir='ltr'>salutem</span> <span class='ocrx_word' id='word_1_24' title='bbox 1381 645 1543 704; x_wconf 82' lang='lat' dir='ltr'>omni</span> <span class='ocrx_word' id='word_1_25' title='bbox 1594 644 1882 706; x_wconf 78' lang='lat' dir='ltr'>credenti.</span> <span class='ocrx_word' id='word_1_26' title='bbox 1967 643 2055 706; x_wconf 83' lang='lat' dir='ltr'>Et</span> <span class='ocrx_word' id='word_1_27' title='bbox 2101 644 2193 706; x_wconf 87' lang='lat' dir='ltr'>in-</span> 
     </span>
     <span class='ocr_line' id='line_1_5' title="bbox 444 726 2195 808; baseline 0.001 -22"><span class='ocrx_word' id='word_1_28' title='bbox 444 738 669 788; x_wconf 87' lang='lat' dir='ltr'>staurat</span> <span class='ocrx_word' id='word_1_29' title='bbox 697 726 713 787; x_wconf 92' lang='lat' dir='ltr'>i</span> <span class='ocrx_word' id='word_1_30' title='bbox 761 750 825 787; x_wconf 84' lang='lat' dir='ltr'>se</span> <span class='ocrx_word' id='word_1_31' title='bbox 856 727 969 787; x_wconf 87' lang='lat' dir='ltr'>boc</span> <span class='ocrx_word' id='word_1_32' title='bbox 1008 726 1426 801; x_wconf 85' lang='lat' dir='ltr'>ministerium,</span> <span class='ocrx_word' id='word_1_33' title='bbox 1454 750 1591 788; x_wconf 88' lang='lat' dir='ltr'>cum</span> <span class='ocrx_word' id='word_1_34' title='bbox 1635 728 1848 808; x_wconf 88' lang='lat' dir='ltr'>inquit,</span> <span class='ocrx_word' id='word_1_35' title='bbox 1879 726 2052 788; x_wconf 74' lang='lat' dir='ltr'>Sicut</span> <span class='ocrx_word' id='word_1_36' title='bbox 2080 728 2195 788; x_wconf 74' lang='lat' dir='ltr'>mi-</span> 
     </span>
     <span class='ocr_line' id='line_1_6' title="bbox 443 808 2194 893; baseline 0.001 -23"><span class='ocrx_word' id='word_1_37' title='bbox 443 808 526 870; x_wconf 62' lang='lat' dir='ltr'>sit</span> <span class='ocrx_word' id='word_1_38' title='bbox 566 812 660 871; x_wconf 83' lang='lat' dir='ltr'>me</span> <span class='ocrx_word' id='word_1_39' title='bbox 758 817 913 884; x_wconf 76' lang='lat' dir='ltr'>ater,</span> <span class='ocrx_word' id='word_1_40' title='bbox 955 811 1043 870; x_wconf 83' lang='lat' dir='ltr'>ita</span> <span class='ocrx_word' id='word_1_41' title='bbox 1091 831 1202 892; x_wconf 87' lang='lat' dir='ltr'>ego</span> <span class='ocrx_word' id='word_1_42' title='bbox 1247 811 1419 871; x_wconf 81' lang='lat' dir='ltr'>mitto</span> <span class='ocrx_word' id='word_1_43' title='bbox 1463 833 1564 871; x_wconf 82' lang='lat' dir='ltr'>vos</span> <span class='ocrx_word' id='word_1_44' title='bbox 1586 835 1606 871; x_wconf 90' lang='grc'>.·</span> <span class='ocrx_word' id='word_1_45' title='bbox 1654 811 1750 871; x_wconf 87' lang='lat' dir='ltr'>Ite</span> <span class='ocrx_word' id='word_1_46' title='bbox 1789 810 2194 893; x_wconf 65' lang='lat' dir='ltr'>predicantes</span> 
     </span>
     <span class='ocr_line' id='line_1_7' title="bbox 439 893 2194 975; baseline 0.001 -22"><span class='ocrx_word' id='word_1_47' title='bbox 439 894 859 973; x_wconf 74' lang='lat' dir='ltr'>poenitentiam</span> <span class='ocrx_word' id='word_1_48' title='bbox 894 901 954 953; x_wconf 79' lang='lat' dir='ltr'>et</span> <span class='ocrx_word' id='word_1_49' title='bbox 980 894 1390 954; x_wconf 76' lang='lat' dir='ltr'><strong><em>remissionem</em></strong></span> <span class='ocrx_word' id='word_1_50' title='bbox 1423 902 1809 975; x_wconf 81' lang='lat' dir='ltr'>peccatorum</span> <span class='ocrx_word' id='word_1_51' title='bbox 1852 895 1916 954; x_wconf 78' lang='lat' dir='ltr'>in</span> <span class='ocrx_word' id='word_1_52' title='bbox 1955 893 2194 955; x_wconf 77' lang='lat' dir='ltr'>nomine</span> 
     </span>
     <span class='ocr_line' id='line_1_8' title="bbox 445 976 2194 1059; baseline 0.001 -23"><span class='ocrx_word' id='word_1_53' title='bbox 445 997 588 1038; x_wconf 86' lang='lat' dir='ltr'>meo.</span> <span class='ocrx_word' id='word_1_54' title='bbox 673 976 822 1036; x_wconf 85' lang='lat' dir='ltr'>Vult</span> <span class='ocrx_word' id='word_1_55' title='bbox 860 976 1023 1055; x_wconf 83' lang='lat' dir='ltr'>argui</span> <span class='ocrx_word' id='word_1_56' title='bbox 1065 987 1376 1057; x_wconf 87' lang='lat' dir='ltr'>peccatum</span> <span class='ocrx_word' id='word_1_57' title='bbox 1409 977 1468 1036; x_wconf 92' lang='lat' dir='ltr'>in</span> <span class='ocrx_word' id='word_1_58' title='bbox 1499 987 1630 1037; x_wconf 91' lang='lat' dir='ltr'>toto</span> <span class='ocrx_word' id='word_1_59' title='bbox 1658 999 1874 1059; x_wconf 83' lang='lat' dir='ltr'><strong>genere</strong></span> <span class='ocrx_word' id='word_1_60' title='bbox 1905 977 2194 1052; x_wconf 83' lang='lat' dir='ltr'>humano,</span> 
     </span>
     <span class='ocr_line' id='line_1_9' title="bbox 445 1058 2192 1141; baseline 0.002 -23"><span class='ocrx_word' id='word_1_61' title='bbox 445 1059 599 1120; x_wconf 82' lang='lat' dir='ltr'>sicut</span> <span class='ocrx_word' id='word_1_62' title='bbox 647 1059 863 1139; x_wconf 88' lang='lat' dir='ltr'>inquit,</span> <span class='ocrx_word' id='word_1_63' title='bbox 895 1058 1165 1138; x_wconf 76' lang='lat' dir='ltr'><em>Spiritus</em></span> <span class='ocrx_word' id='word_1_64' title='bbox 1212 1068 1433 1141; x_wconf 81' lang='lat' dir='ltr'>arguet</span> <span class='ocrx_word' id='word_1_65' title='bbox 1475 1060 1761 1121; x_wconf 83' lang='lat' dir='ltr'>mundum</span> <span class='ocrx_word' id='word_1_66' title='bbox 1804 1060 1879 1120; x_wconf 86' lang='lat' dir='ltr'>de</span> <span class='ocrx_word' id='word_1_67' title='bbox 1969 1066 2192 1134; x_wconf 77' lang='lat' dir='ltr'>cecato,</span> 
     </span>
     <span class='ocr_line' id='line_1_10' title="bbox 484 1140 2192 1221; baseline 0 -18"><span class='ocrx_word' id='word_1_68' title='bbox 484 1142 607 1203; x_wconf 81' lang='lat' dir='ltr'>uod</span> <span class='ocrx_word' id='word_1_69' title='bbox 630 1164 746 1202; x_wconf 83' lang='lat' dir='ltr'>non</span> <span class='ocrx_word' id='word_1_70' title='bbox 776 1140 1033 1221; x_wconf 17' lang='lat' dir='ltr'>credunt·</span> <span class='ocrx_word' id='word_1_71' title='bbox 1056 1141 1123 1202; x_wconf 80' lang='lat' dir='ltr'>in</span> <span class='ocrx_word' id='word_1_72' title='bbox 1151 1163 1262 1202; x_wconf 85' lang='lat' dir='ltr'>me.</span> <span class='ocrx_word' id='word_1_73' title='bbox 1333 1141 1419 1202; x_wconf 92' lang='lat' dir='ltr'>Et</span> <span class='ocrx_word' id='word_1_74' title='bbox 1447 1142 1628 1202; x_wconf 89' lang='lat' dir='ltr'>Rom.</span> <span class='ocrx_word' id='word_1_75' title='bbox 1661 1143 1699 1203; x_wconf 88' lang='lat' dir='ltr'>i.</span> <span class='ocrx_word' id='word_1_76' title='bbox 1732 1142 1896 1204; x_wconf 85' lang='lat' dir='ltr'>Reve</span> <span class='ocrx_word' id='word_1_77' title='bbox 1921 1149 2068 1203; x_wconf 76' lang='lat' dir='ltr'>atm-</span> <span class='ocrx_word' id='word_1_78' title='bbox 2093 1143 2192 1203; x_wconf 73' lang='lat' dir='ltr'>ira</span> 
     </span>
     <span class='ocr_line' id='line_1_11' title="bbox 521 1222 2195 1306; baseline 0.001 -20"><span class='ocrx_word' id='word_1_79' title='bbox 521 1226 577 1286; x_wconf 79' lang='grc' dir='ltr'>εἰ</span> <span class='ocrx_word' id='word_1_80' title='bbox 605 1225 679 1285; x_wconf 86' lang='lat' dir='ltr'>de</span> <span class='ocrx_word' id='word_1_81' title='bbox 708 1222 850 1284; x_wconf 86' lang='lat' dir='ltr'>coelo</span> <span class='ocrx_word' id='word_1_82' title='bbox 877 1244 1065 1303; x_wconf 80' lang='lat' dir='ltr'>super</span> <span class='ocrx_word' id='word_1_83' title='bbox 1083 1245 1315 1284; x_wconf 84' lang='lat' dir='ltr'>omnem</span> <span class='ocrx_word' id='word_1_84' title='bbox 1342 1224 1713 1304; x_wconf 75' lang='lat' dir='ltr'><em>impietatem</em></span> <span class='ocrx_word' id='word_1_85' title='bbox 1738 1233 1799 1285; x_wconf 82' lang='lat' dir='ltr'>et</span> <span class='ocrx_word' id='word_1_86' title='bbox 1826 1225 2195 1306; x_wconf 68' lang='lat' dir='ltr'>injustitiam</span> 
     </span>
     <span class='ocr_line' id='line_1_12' title="bbox 444 1305 2192 1387; baseline 0.001 -20"><span class='ocrx_word' id='word_1_87' title='bbox 444 1307 767 1368; x_wconf 73' lang='lat' dir='ltr'>hominum..</span> <span class='ocrx_word' id='word_1_88' title='bbox 852 1306 1002 1366; x_wconf 79' lang='lat' dir='ltr'>Vult</span> <span class='ocrx_word' id='word_1_89' title='bbox 1030 1305 1201 1369; x_wconf 88' lang='lat' dir='ltr'>Deus</span> <span class='ocrx_word' id='word_1_90' title='bbox 1240 1306 1481 1387; x_wconf 84' lang='lat' dir='ltr'>agnosci</span> <span class='ocrx_word' id='word_1_91' title='bbox 1527 1306 1674 1367; x_wconf 91' lang='lat' dir='ltr'>iram</span> <span class='ocrx_word' id='word_1_92' title='bbox 1714 1328 1883 1367; x_wconf 85' lang='lat' dir='ltr'>suam</span> <span class='ocrx_word' id='word_1_93' title='bbox 1913 1305 2192 1368; x_wconf 77' lang='lat' dir='ltr'>adversus</span> 
     </span>
     <span class='ocr_line' id='line_1_13' title="bbox 522 1387 2191 1474; baseline 0.001 -24"><span class='ocrx_word' id='word_1_94' title='bbox 522 1401 688 1450; x_wconf 84' lang='lat' dir='ltr'>ccata</span> <span class='ocrx_word' id='word_1_95' title='bbox 735 1388 959 1463; x_wconf 90' lang='lat' dir='ltr'>omnia,</span> <span class='ocrx_word' id='word_1_96' title='bbox 1001 1399 1062 1448; x_wconf 88' lang='lat' dir='ltr'>et</span> <span class='ocrx_word' id='word_1_97' title='bbox 1105 1389 1404 1471; x_wconf 83' lang='lat' dir='ltr'>praecipue</span> <span class='ocrx_word' id='word_1_98' title='bbox 1450 1387 1728 1449; x_wconf 87' lang='lat' dir='ltr'>adversus</span> <span class='ocrx_word' id='word_1_99' title='bbox 1772 1399 2191 1474; x_wconf 86' lang='lat' dir='ltr'>contemptum</span> 
     </span>
     <span class='ocr_line' id='line_1_14' title="bbox 443 1412 2196 1553; baseline 0.001 -20"><span class='ocrx_word' id='word_1_100' title='bbox 443 1412 602 1547; x_wconf 51' lang='lat' dir='ltr'>gilii,</span> <span class='ocrx_word' id='word_1_101' title='bbox 654 1472 809 1533; x_wconf 87' lang='lat' dir='ltr'>sicut</span> <span class='ocrx_word' id='word_1_102' title='bbox 857 1472 917 1531; x_wconf 90' lang='lat' dir='ltr'>in</span> <span class='ocrx_word' id='word_1_103' title='bbox 966 1472 1119 1534; x_wconf 88' lang='lat' dir='ltr'>Psal.</span> <span class='ocrx_word' id='word_1_104' title='bbox 1164 1472 1380 1553; x_wconf 88' lang='lat' dir='ltr'>inquit,</span> <span class='ocrx_word' id='word_1_105' title='bbox 1414 1471 1794 1534; x_wconf 71' lang='lat' dir='ltr'>Ost-zelamini</span> <span class='ocrx_word' id='word_1_106' title='bbox 1826 1471 2076 1549; x_wconf 77' lang='lat' dir='ltr'>Filium,</span> <span class='ocrx_word' id='word_1_107' title='bbox 2117 1493 2196 1535; x_wconf 77' lang='lat' dir='ltr'>ne</span> 
     </span>
     <span class='ocr_line' id='line_1_15' title="bbox 442 1555 2196 1637; baseline 0.001 -21"><span class='ocrx_word' id='word_1_108' title='bbox 442 1557 767 1630; x_wconf 71' lang='lat' dir='ltr'>irascatur,</span> <span class='ocrx_word' id='word_1_109' title='bbox 798 1564 857 1616; x_wconf 86' lang='lat' dir='ltr'>et</span> <span class='ocrx_word' id='word_1_110' title='bbox 877 1556 1150 1637; x_wconf 77' lang='lat' dir='ltr'>pereatis</span> <span class='ocrx_word' id='word_1_111' title='bbox 1180 1555 1252 1616; x_wconf 81' lang='lat' dir='ltr'>de</span> <span class='ocrx_word' id='word_1_112' title='bbox 1278 1556 1399 1630; x_wconf 83' lang='lat' dir='ltr'>via,</span> <span class='ocrx_word' id='word_1_113' title='bbox 1427 1557 1537 1616; x_wconf 87' lang='lat' dir='ltr'>&amp;c.</span> <span class='ocrx_word' id='word_1_114' title='bbox 1608 1556 1760 1616; x_wconf 83' lang='lat' dir='ltr'><strong>Vult</strong></span> <span class='ocrx_word' id='word_1_115' title='bbox 1789 1578 1896 1616; x_wconf 90' lang='lat' dir='ltr'>nos</span> <span class='ocrx_word' id='word_1_116' title='bbox 1925 1576 2063 1616; x_wconf 87' lang='lat' dir='ltr'>vere</span> <span class='ocrx_word' id='word_1_117' title='bbox 2089 1577 2196 1617; x_wconf 84' lang='lat' dir='ltr'>ex-</span> 
     </span>
     <span class='ocr_line' id='line_1_16' title="bbox 442 1638 2194 1725; baseline 0 -25"><span class='ocrx_word' id='word_1_118' title='bbox 442 1662 756 1725; x_wconf 86' lang='lat' dir='ltr'>pavescere</span> <span class='ocrx_word' id='word_1_119' title='bbox 786 1638 1090 1720; x_wconf 83' lang='lat' dir='ltr'>agnitione</span> <span class='ocrx_word' id='word_1_120' title='bbox 1119 1640 1521 1712; x_wconf 88' lang='lat' dir='ltr'>tenebrarum,</span> <span class='ocrx_word' id='word_1_121' title='bbox 1550 1649 1610 1699; x_wconf 90' lang='lat' dir='ltr'>et</span> <span class='ocrx_word' id='word_1_122' title='bbox 1649 1638 1958 1700; x_wconf 79' lang='lat' dir='ltr'>borrendae</span> <span class='ocrx_word' id='word_1_123' title='bbox 1997 1638 2194 1722; x_wconf 82' lang='lat' dir='ltr'>pravi-</span> 
     </span>
     <span class='ocr_line' id='line_1_17' title="bbox 443 1721 2192 1803; baseline -0.001 -20"><span class='ocrx_word' id='word_1_124' title='bbox 443 1722 581 1783; x_wconf 87' lang='lat' dir='ltr'>tatis</span> <span class='ocrx_word' id='word_1_125' title='bbox 609 1734 672 1783; x_wconf 91' lang='lat' dir='ltr'>et</span> <span class='ocrx_word' id='word_1_126' title='bbox 701 1721 1095 1782; x_wconf 83' lang='lat' dir='ltr'>contumaciae</span> <span class='ocrx_word' id='word_1_127' title='bbox 1125 1736 1359 1782; x_wconf 83' lang='lat' dir='ltr'>nostrae.</span> <span class='ocrx_word' id='word_1_128' title='bbox 1447 1721 1532 1781; x_wconf 86' lang='lat' dir='ltr'>Et</span> <span class='ocrx_word' id='word_1_129' title='bbox 1568 1721 1813 1803; x_wconf 91' lang='lat' dir='ltr'>quidem</span> <span class='ocrx_word' id='word_1_130' title='bbox 1855 1722 1983 1803; x_wconf 87' lang='lat' dir='ltr'>ipse</span> <span class='ocrx_word' id='word_1_131' title='bbox 2020 1721 2192 1783; x_wconf 78' lang='lat' dir='ltr'>Deus</span> 
     </span>
     <span class='ocr_line' id='line_1_18' title="bbox 446 1802 2192 1887; baseline 0 -21"><span class='ocrx_word' id='word_1_132' title='bbox 446 1806 546 1869; x_wconf 85' lang='lat' dir='ltr'>irae</span> <span class='ocrx_word' id='word_1_133' title='bbox 604 1827 725 1865; x_wconf 83' lang='lat' dir='ltr'>suae</span> <span class='ocrx_word' id='word_1_134' title='bbox 782 1826 959 1865; x_wconf 87' lang='lat' dir='ltr'>sensu</span> <span class='ocrx_word' id='word_1_135' title='bbox 1012 1803 1192 1865; x_wconf 88' lang='lat' dir='ltr'>corda</span> <span class='ocrx_word' id='word_1_136' title='bbox 1241 1804 1549 1887; x_wconf 89' lang='lat' dir='ltr'>opprimit,</span> <span class='ocrx_word' id='word_1_137' title='bbox 1598 1816 1666 1864; x_wconf 91' lang='lat' dir='ltr'>ut</span> <span class='ocrx_word' id='word_1_138' title='bbox 1719 1804 1916 1885; x_wconf 92' lang='lat' dir='ltr'>inquit</span> <span class='ocrx_word' id='word_1_139' title='bbox 1961 1802 2192 1866; x_wconf 87' lang='lat' dir='ltr'>Ezech.</span> 
     </span>
     <span class='ocr_line' id='line_1_19' title="bbox 446 1886 2193 1967; baseline -0.001 -17"><span class='ocrx_word' id='word_1_140' title='bbox 446 1888 622 1950; x_wconf 78' lang='lat' dir='ltr'>Sicut</span> <span class='ocrx_word' id='word_1_141' title='bbox 653 1888 745 1949; x_wconf 86' lang='lat' dir='ltr'>leo</span> <span class='ocrx_word' id='word_1_142' title='bbox 773 1887 1055 1949; x_wconf 79' lang='lat' dir='ltr'>contrivit</span> <span class='ocrx_word' id='word_1_143' title='bbox 1082 1887 1283 1948; x_wconf 71' lang='lat' dir='ltr'>omnia</span> <span class='ocrx_word' id='word_1_144' title='bbox 1311 1909 1446 1948; x_wconf 75' lang='lat' dir='ltr'>ossa</span> <span class='ocrx_word' id='word_1_145' title='bbox 1473 1908 1626 1948; x_wconf 85' lang='lat' dir='ltr'>mea.</span> <span class='ocrx_word' id='word_1_146' title='bbox 1670 1886 1753 1948; x_wconf 82' lang='lat' dir='ltr'>Et</span> <span class='ocrx_word' id='word_1_147' title='bbox 1782 1886 1859 1948; x_wconf 88' lang='lat' dir='ltr'>ad</span> <span class='ocrx_word' id='word_1_148' title='bbox 1891 1887 2007 1948; x_wconf 87' lang='lat' dir='ltr'>hoc</span> <span class='ocrx_word' id='word_1_149' title='bbox 2024 1886 2193 1967; x_wconf 81' lang='lat' dir='ltr'>judi-</span> 
     </span>
     <span class='ocr_line' id='line_1_20' title="bbox 444 1969 2191 2053; baseline -0.001 -19"><span class='ocrx_word' id='word_1_150' title='bbox 444 1972 610 2034; x_wconf 91' lang='lat' dir='ltr'>cium</span> <span class='ocrx_word' id='word_1_151' title='bbox 651 1993 769 2032; x_wconf 92' lang='lat' dir='ltr'>non</span> <span class='ocrx_word' id='word_1_152' title='bbox 812 1971 1008 2031; x_wconf 82' lang='lat' dir='ltr'>solum</span> <span class='ocrx_word' id='word_1_153' title='bbox 1040 1992 1185 2031; x_wconf 87' lang='lat' dir='ltr'>voce</span> <span class='ocrx_word' id='word_1_154' title='bbox 1230 1970 1542 2030; x_wconf 89' lang='lat' dir='ltr'>ministerii</span> <span class='ocrx_word' id='word_1_155' title='bbox 1571 1970 1755 2052; x_wconf 82' lang='lat' dir='ltr'>Legis</span> <span class='ocrx_word' id='word_1_156' title='bbox 1784 1982 1846 2030; x_wconf 91' lang='lat' dir='ltr'>et</span> <span class='ocrx_word' id='word_1_157' title='bbox 1875 1969 2191 2053; x_wconf 71' lang='lat' dir='ltr'>Evangelii</span> 
     </span>
     <span class='ocr_line' id='line_1_21' title="bbox 445 2052 2195 2127; baseline -0.001 -10"><span class='ocrx_word' id='word_1_158' title='bbox 445 2055 655 2127; x_wconf 89' lang='lat' dir='ltr'>utitur,</span> <span class='ocrx_word' id='word_1_159' title='bbox 690 2053 792 2114; x_wconf 89' lang='lat' dir='ltr'>sed</span> <span class='ocrx_word' id='word_1_160' title='bbox 839 2054 1021 2114; x_wconf 89' lang='lat' dir='ltr'>etiam</span> <span class='ocrx_word' id='word_1_161' title='bbox 1066 2074 1274 2112; x_wconf 87' lang='lat' dir='ltr'>omnes</span> <span class='ocrx_word' id='word_1_162' title='bbox 1314 2053 1685 2126; x_wconf 65' lang='lat' dir='ltr'>calamitates</span> <span class='ocrx_word' id='word_1_163' title='bbox 1732 2052 2011 2113; x_wconf 79' lang='lat' dir='ltr'>bumanae</span> <span class='ocrx_word' id='word_1_164' title='bbox 2053 2064 2195 2115; x_wconf 88' lang='lat' dir='ltr'>sunt</span> 
     </span>
     <span class='ocr_line' id='line_1_22' title="bbox 446 2134 2195 2221; baseline -0.001 -22"><span class='ocrx_word' id='word_1_165' title='bbox 446 2138 617 2221; x_wconf 77' lang='lat' dir='ltr'>quasi</span> <span class='ocrx_word' id='word_1_166' title='bbox 644 2158 762 2197; x_wconf 84' lang='lat' dir='ltr'>vox</span> <span class='ocrx_word' id='word_1_167' title='bbox 787 2136 960 2219; x_wconf 75' lang='lat' dir='ltr'>legis,</span> <span class='ocrx_word' id='word_1_168' title='bbox 988 2134 1064 2196; x_wconf 91' lang='lat' dir='ltr'>de</span> <span class='ocrx_word' id='word_1_169' title='bbox 1099 2136 1187 2195; x_wconf 90' lang='lat' dir='ltr'>ira</span> <span class='ocrx_word' id='word_1_170' title='bbox 1223 2135 1343 2196; x_wconf 89' lang='lat' dir='ltr'>Dei</span> <span class='ocrx_word' id='word_1_171' title='bbox 1379 2157 1488 2196; x_wconf 91' lang='lat' dir='ltr'>nos</span> <span class='ocrx_word' id='word_1_172' title='bbox 1519 2134 1869 2210; x_wconf 87' lang='lat' dir='ltr'>admonens,</span> <span class='ocrx_word' id='word_1_173' title='bbox 1895 2146 1958 2196; x_wconf 87' lang='lat' dir='ltr'>et</span> <span class='ocrx_word' id='word_1_174' title='bbox 1983 2157 2195 2197; x_wconf 72' lang='lat' dir='ltr'>omnes</span> 
     </span>
     <span class='ocr_line' id='line_1_23' title="bbox 444 2218 2195 2304; baseline 0 -21"><span class='ocrx_word' id='word_1_175' title='bbox 444 2221 520 2283; x_wconf 87' lang='lat' dir='ltr'>ad</span> <span class='ocrx_word' id='word_1_176' title='bbox 576 2218 993 2304; x_wconf 88' lang='lat' dir='ltr'>poenitentiam</span> <span class='ocrx_word' id='word_1_177' title='bbox 1047 2218 1326 2279; x_wconf 86' lang='lat' dir='ltr'>invitans.</span> <span class='ocrx_word' id='word_1_178' title='bbox 1410 2218 1572 2280; x_wconf 88' lang='lat' dir='ltr'>Cum</span> <span class='ocrx_word' id='word_1_179' title='bbox 1629 2229 1834 2280; x_wconf 90' lang='lat' dir='ltr'>autem</span> <span class='ocrx_word' id='word_1_180' title='bbox 1878 2218 1999 2280; x_wconf 85' lang='lat' dir='ltr'>hac</span> <span class='ocrx_word' id='word_1_181' title='bbox 2045 2239 2195 2283; x_wconf 82' lang='lat' dir='ltr'>voce</span> 
     </span>
     <span class='ocr_line' id='line_1_24' title="bbox 444 2296 2197 2388; baseline -0.001 -22"><span class='ocrx_word' id='word_1_182' title='bbox 444 2296 693 2388; x_wconf 71' lang='lat' dir='ltr'>peccata</span> <span class='ocrx_word' id='word_1_183' title='bbox 721 2313 1008 2385; x_wconf 80' lang='lat' dir='ltr'>arguente</span> <span class='ocrx_word' id='word_1_184' title='bbox 1037 2324 1207 2363; x_wconf 89' lang='lat' dir='ltr'>mens</span> <span class='ocrx_word' id='word_1_185' title='bbox 1243 2302 1661 2384; x_wconf 82' lang='lat' dir='ltr'>perterrefacta</span> <span class='ocrx_word' id='word_1_186' title='bbox 1689 2313 1799 2375; x_wconf 89' lang='lat' dir='ltr'>est,</span> <span class='ocrx_word' id='word_1_187' title='bbox 1828 2301 2032 2364; x_wconf 86' lang='lat' dir='ltr'>audiat</span> <span class='ocrx_word' id='word_1_188' title='bbox 2059 2323 2197 2385; x_wconf 87' lang='lat' dir='ltr'>pro-</span> 
     </span>
     <span class='ocr_line' id='line_1_25' title="bbox 448 2384 2192 2468; baseline -0.001 -20"><span class='ocrx_word' id='word_1_189' title='bbox 448 2388 795 2449; x_wconf 86' lang='lat' dir='ltr'>missionem</span> <span class='ocrx_word' id='word_1_190' title='bbox 826 2385 1138 2468; x_wconf 89' lang='lat' dir='ltr'>Evangelii</span> <span class='ocrx_word' id='word_1_191' title='bbox 1177 2385 1477 2468; x_wconf 88' lang='lat' dir='ltr'>propriam</span> <span class='ocrx_word' id='word_1_192' title='bbox 1520 2385 1595 2445; x_wconf 92' lang='lat' dir='ltr'>de</span> <span class='ocrx_word' id='word_1_193' title='bbox 1625 2384 1781 2445; x_wconf 88' lang='lat' dir='ltr'>Filio</span> <span class='ocrx_word' id='word_1_194' title='bbox 1807 2384 1948 2458; x_wconf 91' lang='lat' dir='ltr'>Dei,</span> <span class='ocrx_word' id='word_1_195' title='bbox 1975 2397 2037 2446; x_wconf 85' lang='lat' dir='ltr'>et</span> <span class='ocrx_word' id='word_1_196' title='bbox 2073 2396 2192 2446; x_wconf 81' lang='lat' dir='ltr'>sta·</span> 
     </span>
     <span class='ocr_line' id='line_1_26' title="bbox 444 2466 2194 2551; baseline -0.002 -20"><span class='ocrx_word' id='word_1_197' title='bbox 444 2482 576 2531; x_wconf 90' lang='lat' dir='ltr'>tuat</span> <span class='ocrx_word' id='word_1_198' title='bbox 603 2469 715 2530; x_wconf 91' lang='lat' dir='ltr'>sibi</span> <span class='ocrx_word' id='word_1_199' title='bbox 752 2468 975 2530; x_wconf 89' lang='lat' dir='ltr'>remitti</span> <span class='ocrx_word' id='word_1_200' title='bbox 1021 2480 1268 2551; x_wconf 87' lang='lat' dir='ltr'>peccata</span> <span class='ocrx_word' id='word_1_201' title='bbox 1309 2468 1491 2550; x_wconf 85' lang='lat' dir='ltr'>gratis</span> <span class='ocrx_word' id='word_1_202' title='bbox 1529 2478 1773 2550; x_wconf 90' lang='lat' dir='ltr'>propter</span> <span class='ocrx_word' id='word_1_203' title='bbox 1801 2467 2022 2528; x_wconf 76' lang='lat' dir='ltr'>Filium</span> <span class='ocrx_word' id='word_1_204' title='bbox 2051 2466 2194 2542; x_wconf 86' lang='lat' dir='ltr'>Dei,</span> 
     </span>
     <span class='ocr_line' id='line_1_27' title="bbox 445 2550 2194 2633; baseline -0.002 -18"><span class='ocrx_word' id='word_1_205' title='bbox 445 2553 783 2615; x_wconf 90' lang='lat' dir='ltr'>Dominum</span> <span class='ocrx_word' id='word_1_206' title='bbox 822 2562 1092 2612; x_wconf 86' lang='lat' dir='ltr'>nostrum</span> <span class='ocrx_word' id='word_1_207' title='bbox 1120 2552 1335 2612; x_wconf 84' lang='lat' dir='ltr'>Jesum</span> <span class='ocrx_word' id='word_1_208' title='bbox 1365 2550 1677 2611; x_wconf 86' lang='lat' dir='ltr'>Christum</span> <span class='ocrx_word' id='word_1_209' title='bbox 1721 2550 2194 2633; x_wconf 86' lang='lat' dir='ltr'>propitiatorem,</span> 
     </span>
     <span class='ocr_line' id='line_1_28' title="bbox 526 2633 2195 2717; baseline -0.001 -21"><span class='ocrx_word' id='word_1_210' title='bbox 526 2659 553 2697; x_wconf 91' lang='lat' dir='ltr'>r</span> <span class='ocrx_word' id='word_1_211' title='bbox 577 2633 1070 2706; x_wconf 87' lang='lat' dir='ltr'>misericordiam,</span> <span class='ocrx_word' id='word_1_212' title='bbox 1100 2656 1220 2694; x_wconf 89' lang='lat' dir='ltr'>non</span> <span class='ocrx_word' id='word_1_213' title='bbox 1253 2645 1497 2717; x_wconf 88' lang='lat' dir='ltr'>propter</span> <span class='ocrx_word' id='word_1_214' title='bbox 1517 2633 1939 2694; x_wconf 86' lang='lat' dir='ltr'>contritionem</span> <span class='ocrx_word' id='word_1_215' title='bbox 1970 2645 2074 2694; x_wconf 83' lang='lat' dir='ltr'>aut</span> <span class='ocrx_word' id='word_1_216' title='bbox 2101 2633 2195 2695; x_wconf 81' lang='lat' dir='ltr'>di·</span> 
     </span>
     <span class='ocr_line' id='line_1_29' title="bbox 442 2658 2191 2798; baseline -0.001 -18"><span class='ocrx_word' id='word_1_217' title='bbox 442 2658 763 2781; x_wconf 47' lang='lat' dir='ltr'>&amp;tionem</span> <span class='ocrx_word' id='word_1_218' title='bbox 796 2728 1079 2778; x_wconf 87' lang='lat' dir='ltr'>nostram.</span> <span class='ocrx_word' id='word_1_219' title='bbox 1165 2716 1304 2778; x_wconf 88' lang='lat' dir='ltr'>Hac</span> <span class='ocrx_word' id='word_1_220' title='bbox 1337 2716 1454 2777; x_wconf 84' lang='lat' dir='ltr'>fide</span> <span class='ocrx_word' id='word_1_221' title='bbox 1488 2738 1625 2777; x_wconf 92' lang='lat' dir='ltr'>cum</span> <span class='ocrx_word' id='word_1_222' title='bbox 1669 2716 1933 2798; x_wconf 88' lang='lat' dir='ltr'>erigitur,</span> <span class='ocrx_word' id='word_1_223' title='bbox 1961 2728 2191 2779; x_wconf 85' lang='lat' dir='ltr'>certum</span> 
     </span>
     <span class='ocr_line' id='line_1_30' title="bbox 445 2798 2195 2894; baseline -0.001 -30"><span class='ocrx_word' id='word_1_224' title='bbox 445 2814 537 2865; x_wconf 84' lang='lat' dir='ltr'>est</span> <span class='ocrx_word' id='word_1_225' title='bbox 588 2801 793 2863; x_wconf 89' lang='lat' dir='ltr'>donari</span> <span class='ocrx_word' id='word_1_226' title='bbox 852 2800 1263 2861; x_wconf 83' lang='lat' dir='ltr'>remissionem</span> <span class='ocrx_word' id='word_1_227' title='bbox 1316 2811 1716 2894; x_wconf 84' lang='lat' dir='ltr'>pcccatorum,</span> <span class='ocrx_word' id='word_1_228' title='bbox 1765 2798 2195 2862; x_wconf 75' lang='lat' dir='ltr'>reconciliatio·</span> 
     </span>
     <span class='ocr_line' id='line_1_31' title="bbox 445 2881 2194 2976; baseline -0.001 -29"><span class='ocrx_word' id='word_1_229' title='bbox 445 2908 584 2947; x_wconf 88' lang='lat' dir='ltr'>nem</span> <span class='ocrx_word' id='word_1_230' title='bbox 617 2898 678 2946; x_wconf 93' lang='lat' dir='ltr'>et</span> <span class='ocrx_word' id='word_1_231' title='bbox 707 2883 1166 2967; x_wconf 88' lang='lat' dir='ltr'>imputationem</span> <span class='ocrx_word' id='word_1_232' title='bbox 1189 2883 1460 2963; x_wconf 63' lang='lat' dir='ltr'>justitiae,</span> <span class='ocrx_word' id='word_1_233' title='bbox 1490 2894 1732 2976; x_wconf 85' lang='lat' dir='ltr'>propter</span> <span class='ocrx_word' id='word_1_234' title='bbox 1761 2881 1946 2965; x_wconf 82' lang='lat' dir='ltr'>ipsius</span> <span class='ocrx_word' id='word_1_235' title='bbox 1966 2882 2194 2945; x_wconf 73' lang='lat' dir='ltr'>Christi</span> 
     </span>
     <span class='ocr_line' id='line_1_32' title="bbox 446 2965 2196 3041; baseline -0.001 -11"><span class='ocrx_word' id='word_1_236' title='bbox 446 2969 764 3030; x_wconf 89' lang='lat' dir='ltr'>meritum:</span> <span class='ocrx_word' id='word_1_237' title='bbox 809 2979 870 3029; x_wconf 87' lang='lat' dir='ltr'>et</span> <span class='ocrx_word' id='word_1_238' title='bbox 907 2966 1216 3028; x_wconf 82' lang='lat' dir='ltr'>Christum</span> <span class='ocrx_word' id='word_1_239' title='bbox 1264 2967 1322 3026; x_wconf 91' lang='lat' dir='ltr'>in</span> <span class='ocrx_word' id='word_1_240' title='bbox 1372 2968 1546 3027; x_wconf 76' lang='lat' dir='ltr'>nobis</span> <span class='ocrx_word' id='word_1_241' title='bbox 1594 2965 1898 3027; x_wconf 72' lang='lat' dir='ltr'>efficacem</span> <span class='ocrx_word' id='word_1_242' title='bbox 1945 2987 2094 3041; x_wconf 83' lang='lat' dir='ltr'>esse,</span> <span class='ocrx_word' id='word_1_243' title='bbox 2131 2978 2196 3028; x_wconf 84' lang='lat' dir='ltr'>et</span> 
     </span>
     <span class='ocr_line' id='line_1_33' title="bbox 445 3048 2196 3135; baseline -0.001 -21"><span class='ocrx_word' id='word_1_244' title='bbox 445 3075 555 3114; x_wconf 87' lang='lat' dir='ltr'>suo</span> <span class='ocrx_word' id='word_1_245' title='bbox 598 3051 824 3135; x_wconf 89' lang='lat' dir='ltr'>Spiritu</span> <span class='ocrx_word' id='word_1_246' title='bbox 855 3050 1079 3112; x_wconf 87' lang='lat' dir='ltr'>Sancto</span> <span class='ocrx_word' id='word_1_247' title='bbox 1105 3049 1406 3111; x_wconf 81' lang='lat' dir='ltr'>vivificare</span> <span class='ocrx_word' id='word_1_248' title='bbox 1434 3048 1742 3111; x_wconf 87' lang='lat' dir='ltr'>credentes</span> <span class='ocrx_word' id='word_1_249' title='bbox 1771 3062 1831 3110; x_wconf 86' lang='lat' dir='ltr'>et</span> <span class='ocrx_word' id='word_1_250' title='bbox 1861 3070 1935 3110; x_wconf 87' lang='lat' dir='ltr'>ex</span> <span class='ocrx_word' id='word_1_251' title='bbox 1974 3061 2196 3112; x_wconf 77' lang='lat' dir='ltr'>aeterna</span> 
     </span>
     <span class='ocr_line' id='line_1_34' title="bbox 451 3131 2196 3208; baseline -0.001 -12"><span class='ocrx_word' id='word_1_252' title='bbox 451 3147 640 3196; x_wconf 89' lang='lat' dir='ltr'>morte</span> <span class='ocrx_word' id='word_1_253' title='bbox 670 3157 779 3196; x_wconf 88' lang='lat' dir='ltr'>nos</span> <span class='ocrx_word' id='word_1_254' title='bbox 808 3134 1077 3208; x_wconf 89' lang='lat' dir='ltr'>liberare,</span> <span class='ocrx_word' id='word_1_255' title='bbox 1106 3145 1167 3195; x_wconf 89' lang='lat' dir='ltr'>et</span> <span class='ocrx_word' id='word_1_256' title='bbox 1196 3134 1389 3194; x_wconf 84' lang='lat' dir='ltr'>facere</span> <span class='ocrx_word' id='word_1_257' title='bbox 1420 3155 1527 3194; x_wconf 85' lang='lat' dir='ltr'>nos</span> <span class='ocrx_word' id='word_1_258' title='bbox 1556 3131 1732 3193; x_wconf 83' lang='lat' dir='ltr'>simul</span> <span class='ocrx_word' id='word_1_259' title='bbox 1766 3131 2029 3194; x_wconf 82' lang='lat' dir='ltr'>haeredes</span> <span class='ocrx_word' id='word_1_260' title='bbox 2057 3132 2196 3196; x_wconf 67' lang='lat' dir='ltr'>vitm</span> 
     </span>
     <span class='ocr_line' id='line_1_35' title="bbox 445 3215 2196 3299; baseline -0.001 -20"><span class='ocrx_word' id='word_1_261' title='bbox 445 3231 702 3280; x_wconf 81' lang='lat' dir='ltr'>aeternae.</span> <span class='ocrx_word' id='word_1_262' title='bbox 788 3216 885 3279; x_wconf 77' lang='lat' dir='ltr'>Ita</span> <span class='ocrx_word' id='word_1_263' title='bbox 941 3216 1138 3299; x_wconf 88' lang='lat' dir='ltr'>inquit</span> <span class='ocrx_word' id='word_1_264' title='bbox 1188 3215 1407 3278; x_wconf 83' lang='lat' dir='ltr'>Paulus</span> <span class='ocrx_word' id='word_1_265' title='bbox 1463 3215 1642 3276; x_wconf 84' lang='lat' dir='ltr'>Rom.</span> <span class='ocrx_word' id='word_1_266' title='bbox 1675 3215 1756 3276; x_wconf 90' lang='lat' dir='ltr'>iii.</span> <span class='ocrx_word' id='word_1_267' title='bbox 1787 3216 2196 3278; x_wconf 60' lang='lat' dir='ltr'>Decentium</span> 
     </span>
     <span class='ocr_line' id='line_1_36' title="bbox 422 3298 2192 3385; baseline -0.001 -23"><span class='ocrx_word' id='word_1_268' title='bbox 422 3298 923 3385; x_wconf 69' lang='lat' dir='ltr'>fidejustfficari</span> <span class='ocrx_word' id='word_1_269' title='bbox 950 3300 1264 3373; x_wconf 77' lang='lat' dir='ltr'>hominem,</span> <span class='ocrx_word' id='word_1_270' title='bbox 1291 3300 1425 3361; x_wconf 78' lang='lat' dir='ltr'>sine</span> <span class='ocrx_word' id='word_1_271' title='bbox 1450 3299 1731 3381; x_wconf 76' lang='lat' dir='ltr'>operibus</span> <span class='ocrx_word' id='word_1_272' title='bbox 1759 3298 1928 3383; x_wconf 80' lang='lat' dir='ltr'>legis.</span> <span class='ocrx_word' id='word_1_273' title='bbox 2011 3298 2192 3371; x_wconf 72' lang='lat' dir='ltr'>Item,</span> 
     </span>
     <span class='ocr_line' id='line_1_37' title="bbox 443 3378 2192 3523; baseline -0.001 -79"><span class='ocrx_word' id='word_1_274' title='bbox 443 3384 879 3466; x_wconf 64' lang='lat' dir='ltr'>Justf‘ficamnr</span> <span class='ocrx_word' id='word_1_275' title='bbox 921 3384 1130 3468; x_wconf 79' lang='lat' dir='ltr'>gratis</span> <span class='ocrx_word' id='word_1_276' title='bbox 1177 3384 1367 3466; x_wconf 75' lang='lat' dir='ltr'>ipsius</span> <span class='ocrx_word' id='word_1_277' title='bbox 1409 3383 1642 3467; x_wconf 76' lang='lat' dir='ltr'>gratia,</span> <span class='ocrx_word' id='word_1_278' title='bbox 1677 3403 1796 3464; x_wconf 81' lang='lat' dir='ltr'>per</span> <span class='ocrx_word' id='word_1_279' title='bbox 1837 3378 2192 3523; x_wconf 57' lang='lat' dir='ltr'>redum</span> 
     </span>
     <span class='ocr_line' id='line_1_38' title="bbox 445 3462 1990 3564; baseline -0.002 -37"><span class='ocrx_word' id='word_1_280' title='bbox 445 3489 581 3529; x_wconf 80' lang='lat' dir='ltr'>nem</span> <span class='ocrx_word' id='word_1_281' title='bbox 610 3490 739 3564; x_wconf 71' lang='lat' dir='ltr'>qua:</span> <span class='ocrx_word' id='word_1_282' title='bbox 768 3475 861 3528; x_wconf 75' lang='lat' dir='ltr'>est</span> <span class='ocrx_word' id='word_1_283' title='bbox 889 3467 953 3529; x_wconf 82' lang='lat' dir='ltr'>in</span> <span class='ocrx_word' id='word_1_284' title='bbox 989 3467 1233 3529; x_wconf 68' lang='lat' dir='ltr'>Clwisto</span> <span class='ocrx_word' id='word_1_285' title='bbox 1257 3466 1435 3541; x_wconf 68' lang='lat' dir='ltr'>«Iesu,</span> <span class='ocrx_word' id='word_1_286' title='bbox 1463 3488 1637 3550; x_wconf 75' lang='lat' dir='ltr'>quem</span> <span class='ocrx_word' id='word_1_287' title='bbox 1671 3462 1990 3547; x_wconf 64' lang='lat' dir='ltr'>proposuit</span> 
     </span>
     <span class='ocr_line' id='line_1_39' title="bbox 441 3542 2190 3633; baseline -0.003 -23"><span class='ocrx_word' id='word_1_288' title='bbox 441 3552 906 3631; x_wconf 70' lang='lat' dir='ltr'>propitiatorem</span> <span class='ocrx_word' id='word_1_289' title='bbox 928 3571 1044 3631; x_wconf 82' lang='lat' dir='ltr'>per</span> <span class='ocrx_word' id='word_1_290' title='bbox 1038 3549 1243 3633; x_wconf 79' lang='lat' dir='ltr'>fidem</span> <span class='ocrx_word' id='word_1_291' title='bbox 1264 3551 1331 3612; x_wconf 78' lang='lat' dir='ltr'>in</span> <span class='ocrx_word' id='word_1_292' title='bbox 1352 3551 1653 3633; x_wconf 68' lang='lat' dir='ltr'>sanguboe</span> <span class='ocrx_word' id='word_1_293' title='bbox 1677 3546 1825 3630; x_wconf 71' lang='lat' dir='ltr'>ejus.</span> <span class='ocrx_word' id='word_1_294' title='bbox 1865 3542 1952 3607; x_wconf 80' lang='lat' dir='ltr'>Et</span> <span class='ocrx_word' id='word_1_295' title='bbox 1971 3542 2110 3606; x_wconf 79' lang='lat' dir='ltr'>Act.</span> <span class='ocrx_word' id='word_1_296' title='bbox 2129 3564 2190 3605; x_wconf 79' lang='lat' dir='ltr'>x.</span> 
     </span>
    </p>
   </div>
   <div class='ocr_carea' id='block_1_3' title="bbox 2321 1596 2418 4172">
    <p class='ocr_par' dir='ltr' id='par_1_3' title="bbox 2321 1596 2418 4172">
     <span class='ocr_line' id='line_1_40' title="bbox 2321 1596 2418 4172; baseline 0 0"><span class='ocrx_word' id='word_1_297' title='bbox 2321 1596 2418 4172; x_wconf 95' lang='lat' dir='ltr'> </span> 
     </span>
    </p>
   </div>
  </div>
 </body>
</html>
