2418 4172
743 399 1218 455 SAonch.
1747 402 1855 460 259

112 541 282 605 sieut.
306 551 564 602 aeternus
606 540 782 602 Pater
820 564 1100 625 expressa
1142 564 1287 604 vooe
1326 539 1618 635 praecipig
1663 541 1849 604 Hunc

110 622 337 686 audite.
422 622 565 684 Non
597 637 865 705 quaerant
894 625 1038 686 alias
1068 624 1521 718 speculationes.

191 706 610 767 Certissimum
662 717 771 780 est,
809 707 1297 799 predicationem
1347 704 1721 789 poenitentioe
1773 706 1846 766 ad

107 810 320 850 omnes
360 788 633 849 homines
672 800 985 871 pertinere,
1013 800 1075 848 et
1103 810 1379 848 accusare
1407 809 1615 847 omnes
1654 787 1849 848 bomi-

107 894 231 933 nes.
317 871 413 932 Its
457 881 518 930 et
559 870 874 952 promissio
919 869 1264 931 universalis
1307 881 1417 942 est,
1460 881 1522 930 et
1563 871 1847 931 omnibus

108 953 280 1016 offert
317 951 726 1014 remissionem
845 964 1167 1027 cestorum,
1186 952 1364 1033 juxta
1393 953 1492 1013 illa
1521 952 1682 1014 dicta
1717 954 1852 1014 uni-

105 1034 390 1100 versalia:
441 1033 662 1096 Venite
688 1057 726 1096 α
797 1057 891 1096 me
916 1057 1116 1096 onmes
1143 1037 1250 1118 qui
1279 1035 1586 1109 laboratis,
1618 1044 1676 1096 et
1712 1059 1850 1098 one-

105 1119 235 1181 rati
260 1118 422 1192 estis,
450 1138 562 1200 ego
588 1115 862 1214 reficiam
888 1141 1007 1180 vos.
1098 1119 1254 1179 Item
1285 1119 1465 1180 Joan.
1497 1119 1579 1179 iii.
1620 1118 1705 1179 Ut
1726 1142 1851 1181 om·

106 1201 205 1264 nis
242 1200 351 1285 qui
390 1201 585 1262 credit
626 1223 689 1262 m
732 1223 885 1275 eum,
914 1225 1029 1263 non
1109 1210 1297 1263 ereat.
1338 1202 1518 1262 Rom.
1549 1223 1607 1262 x.
1638 1203 1851 1264 Omnis

108 1284 218 1368 qui
253 1282 447 1346 credit
486 1284 550 1344 in
587 1305 741 1358 eum,
769 1307 886 1345 non
922 1307 1028 1346 con
1107 1285 1342 1345 ridetur.
1429 1284 1606 1358 Item,
1634 1284 1851 1347 Domi-

108 1388 225 1429 nus
276 1366 559 1436 omnium,
613 1366 779 1428 dives
832 1368 895 1427 in
952 1390 1153 1429 omnes
1200 1368 1308 1449 qui
1362 1368 1643 1428 invocant
1694 1389 1847 1429 eum.

113 1449 294 1512 Rom.
323 1448 405 1510 xi.
441 1447 755 1511 conclusit
783 1448 961 1511 Deus
999 1472 1201 1512 omnes
1224 1450 1337 1511 sub
1366 1450 1850 1524 inobedientiam,

110 1540 182 1595 nt
205 1531 467 1594 omnnium
494 1532 873 1593 misereatur.

194 1614 271 1677 Iu
310 1613 466 1675 hanc
505 1614 894 1675 universalem
932 1614 1389 1696 promissionem
1420 1614 1638 1696 singuli
1670 1638 1732 1675 se
1762 1616 1852 1676 in-

110 1694 377 1770 cludant,
403 1705 466 1756 et
494 1717 615 1755 non
645 1695 995 1776 indulgeant
1022 1696 1387 1768 diffidentiae,
1417 1697 1518 1755 sed
1551 1698 1854 1757 luctentur

110 1789 180 1842 ut
219 1776 629 1840 adsentiantur
668 1779 850 1838 verbo
887 1777 1027 1851 Dei,
1056 1791 1117 1837 et
1158 1779 1564 1858 obsequantur
1601 1779 1851 1860 Spiritui

109 1860 353 1933 Sancto,
379 1869 442 1920 et
470 1858 667 1940 juvari
713 1882 776 1920 se
819 1870 1047 1942 petant,
1076 1860 1231 1920 sicut
1266 1860 1495 1920 dictum
1528 1873 1636 1935 est,
1666 1861 1851 1923 Lucae

110 1943 194 2006 xi.
226 1943 477 2009 Quanto
518 1942 718 2024 magis·
760 1942 929 2003 dabit
971 1942 1273 2023 Spiritum
1316 1943 1608 2005 Sanctum
1642 1953 1854 2025 peten»

111 2026 332 2090 tibus?
1354 2061 1363 2068 ·

663 2122 1306 2163 4——

612 2262 688 2324 V.
717 2262 821 2325 De
849 2262 1039 2324 libero
1060 2263 1359 2325 Arbitrio.

114 2340 176 2421 J
177 2363 311 2426 AM
350 2365 451 2427 hie
485 2377 627 2427 nota
656 2366 734 2427 sit
762 2367 943 2427 etiam
976 2366 1247 2427 doctrina
1274 2366 1349 2426 de
1378 2366 1565 2426 libero
1594 2366 1856 2428 arbitrio.

114 2446 368 2531 Semper
408 2449 471 2508 in
514 2449 762 2510 ecclesia
801 2450 1075 2510 homines
1112 2462 1272 2509 recte
1309 2449 1525 2509 eruditi
1568 2449 1859 2510 distinxe-

114 2541 258 2591 runt
282 2529 663 2614 disciplinam
693 2544 754 2592 et
783 2533 1110 2592 novitatem
1142 2532 1420 2614 Spiritus,
1448 2553 1582 2612 quoe
1621 2543 1712 2592 est
1747 2532 1858 2593 ini-

116 2611 271 2674 tium
298 2613 436 2675 vitae
462 2626 730 2676 aeternae:
774 2627 836 2675 et
864 2614 1214 2688 docuerunt,
1242 2615 1303 2674 in
1337 2615 1582 2675 homine
1617 2614 1860 2675 liberta-

115 2705 239 2756 tem
269 2696 589 2758 voluntatis
617 2697 796 2758 talem
829 2720 976 2772 esse,
1001 2697 1074 2758 ad
1103 2697 1394 2779 regendos
1423 2710 1701 2757 externos
1730 2720 1861 2758 mo-

119 2780 671 2853 tus-membrorum,
699 2802 820 2861 qua
846 2781 1027 2841 etiam
1058 2803 1178 2840 non
1202 2781 1388 2840 renati
1416 2793 1719 2860 utcunque
1740 2780 1861 2840 dis-

119 2855 425 2940 eiplinam,
452 2883 587 2943 quae
629 2875 721 2922 est
761 2875 1007 2923 externa
1047 2862 1388 2924 obedientia
1421 2863 1600 2942 juxta
1644 2862 1860 2942 legem,

120 2951 398 3084 praestare
423 2957 694 3025 possunt.
777 2945 894 3006 Sed
927 2946 1110 3006 homo
1141 2966 1516 3026 nequaquam
1562 2956 1760 3025 potest
1794 2967 1859 3005 se

143 3023 371 3085 iberare
390 3046 434 3085 a
460 3038 725 3108 peceato,
753 3039 815 3088 et
843 3039 1036 3089 morte
1062 3040 1303 3100 interna,
1323 3027 1545 3087 viribus
1575 3027 1860 3087 naturali-

122 3106 268 3166 bus:
324 3105 429 3167 sed
487 3107 619 3169 boee
669 3107 940 3170 liberzitio
996 3123 1057 3171 et
1104 3110 1412 3171 conversio
1473 3109 1734 3169 bominis
1784 3109 1861 3170 ad

121 3187 347 3262 Deum,
373 3200 433 3251 et
463 3190 1058 3274 novitas-spiritualis,
1085 3195 1154 3253 fit
1183 3216 1289 3275 per
1318 3193 1540 3253 Filium
1563 3191 1682 3252 Dei
1716 3190 1862 3252 vivi-

39 3347 44 3350 ·
122 3272 403 3332 fleantem
464 3293 571 3332 nos
626 3273 852 3355 Spiritu
908 3297 1016 3335 suo
1072 3276 1315 3347 Sanct0,
1355 3288 1423 3335 ut
1470 3275 1698 3334 dictum
1750 3287 1860 3350 est,

36 3362 66 3433 --ἕ
123 3352 306 3415 Rom.
337 3353 457 3415 viii.
492 3353 564 3414 Si
595 3356 730 3437 quis
757 3355 1054 3436 Spiritum
1098 3357 1335 3417 Christi
1373 3378 1493 3416 non
1536 3356 1734 3430 habet,
1762 3356 1862 3419 hic

43 3451 81 3518 ᾖ,
121 3457 242 3498 non
267 3444 358 3498 est
386 3436 533 3519 ejus.
619 3437 703 3497 Et
744 3437 1037 3510 voluntas,
1067 3452 1313 3520 accepto
1351 3438 1578 3521 Spiritu
1619 3440 1862 3514 Sancto,

47 3522 50 3523 ⁷
114 3516 245 3612 jum
274 3540 394 3580 non
424 3532 516 3580 est
540 3521 750 3580 otiosa.
819 3521 913 3581 Ac
939 3520 1076 3580 Deo
1103 3522 1320 3601 gratias
1349 3521 1582 3603 agimus
1610 3543 1720 3616 pro
1745 3522 1862 3585 hoe

125 3619 421 3667 immenso
464 3602 772 3676 beneficio,
810 3602 971 3684 quod
1014 3604 1187 3664 nobis
1228 3615 1472 3686 propter
1512 3602 1757 3680 Filium,
1798 3614 1861 3668 et

51 3734 58 3738 -
127 3702 423 3764 pen-eum,
450 3684 555 3747 dat
582 3685 874 3769 Spiritum
903 3685 1215 3760 Sanctum,
1242 3698 1303 3748 et
1340 3707 1450 3748 nos
1489 3708 1599 3748 suo
1630 3686 1860 3783 Spiritu

909 3788 937 3828 S
968 3781 1004 3828 2
