2418 4172
746 341 1304 396 HELVETICA.
1866 350 1939 403 48

193 486 392 573 legen
445 484 683 569 agnitio
729 484 985 582 peccati.
1079 483 1164 547 Et
1222 484 1293 546 Si
1348 483 1495 546 data
1527 483 1767 570 suisset
1824 490 1939 564 lex,
1980 474 1985 478 ⁴

187 574 320 655 quin
352 576 560 651 posset
581 564 962 652 jtoehficare‚
1000 566 1102 629 vel
1137 564 1472 651 vivificare,
1507 589 1651 629 vere
1689 590 1762 630 ex
1805 571 1940 654 lege

189 650 653 737 natja-stitia.-
696 650 808 715 θεά
831 649 1126 712 conclusit
1164 650 1492 732 Scriptura
1515 651 1723 731 (Legis
1762 653 1940 715 nimi-

187 731 354 815 πίω)
378 737 582 796 omnia
603 733 716 795 sub
735 742 1072 815 peccatum,
1092 742 1164 796 ut
1303 734 1506 794 missio
1535 732 1758 817 exfide
1782 736 1939 796 «Iesu

163 817 446 880 ‘daretur
486 817 882 879 credentibus.
922 817 1022 877 Ita
1065 838 1141 877 ue
1208 838 1281 877 ex
1319 817 1695 900 paedagogus
1738 828 1942 881 noster·

187 899 277 964 ll
302 897 787 984 aristumjitit,
815 908 884 960 ut
914 838 1662 982 &fide-justificaremur.
1722 900 1942 983 Neque

188 981 342 1048 *ἐπὶ
370 984 571 1068 potuit
626 994 729 1045 aut
772 995 972 1066 potest
1022 983 1143 1044 ulla
1194 1004 1334 1043 caro
1377 982 1494 1064 legi
1547 982 1666 1044 Dei
1711 985 1944 1045 satisfa-

186 1078 430 1143 oereset
467 1066 625 1128 lianc
664 1065 1011 1149 adimplere,
1038 1067 1118 1126 ob
1152 1065 1631 1127 imbecillitatem
1671 1065 1732 1127 in
1764 1089 1942 1130 carne

189 1160 413 1225 nostra,
440 1148 517 1211 ad
557 1160 896 1211 extremum
940 1170 1130 1230 usque
1170 1148 1468 1231 spiritum,
1506 1149 1566 1209 in
1615 1150 1787 1211 nobis
1821 1151 1944 1212 hae-

189 1244 421 1295 rentem
466 1243 571 1294 aut
617 1243 1045 1294 remanentem.
1133 1231 1365 1292 Rursus
1408 1232 1572 1293 enim
1618 1234 1941 1315 apostolus,

192 1314 377 1378 Rom.
420 1337 479 1376 v.
528 1316 713 1381 Quod
757 1314 855 1376 lex
898 1323 1197 1396 prees-tare
1246 1336 1366 1375 non
1407 1322 1676 1396 poterat,
1727 1316 1942 1398 inquit,

189 1397 680 1544 fflimbecillis
708 1406 846 1459 erat
873 1419 992 1479 per
1029 1419 1292 1470 carnem,
1321 1396 1430 1459 hoc
1469 1398 1666 1473 DeuS,
1687 1400 1944 1481 proprio

303 1481 321 1497 ⁶
377 1482 560 1543 misso
598 1481 712 1542 snb
746 1481 943 1562 specie
969 1482 1172 1542 carnis
1198 1488 1449 1562 peccato
1476 1481 1757 1556 obuoaeioe,
1787 1505 1946 1564 pra>-

188 1563 377 1637 0615&
398 1563 580 1625 Rom.
609 1563 733 1624 viii.
792 1562 1028 1624 Idcirco
1054 1562 1334 1623 Christus
1363 1575 1454 1623 est
1483 1564 1773 1645 perfectio
1794 1565 1943 1647 legis

189 1655 262 1708 et·
288 1644 644 1729 adimpletio
669 1657 891 1719 nostra,
918 1645 1025 1726 qui
1058 1656 1125 1705 ut
1152 1645 1592 1705 execrationem
1624 1645 1773 1727 legis
1813 1668 1946 1708 sus-

187 1727 347 1800 tulit,
382 1727 530 1790 dum
574 1726 767 1789 factus
810 1739 903 1788 est
944 1748 1054 1809 pro
1088 1726 1262 1787 nobis
1303 1726 1665 1801 maledictio,
1702 1728 1796 1789 vel
1837 1750 1946 1790 ex-

188 1810 432 1883 aratio,
459 1810 660 1873 Galat.
690 1810 773 1871 iii.
811 1810 894 1871 ita
929 1810 1340 1871 communicat
1379 1809 1552 1870 nobis
1589 1832 1699 1893 per
1740 1810 1946 1886 fidem,

188 1892 682 1978 adimpletionem
706 1915 897 1969 suam,
918 1893 1215 1975 nobisque
1243 1892 1372 1974 ejus
1408 1892 1747 1977 imputatur
1762 1894 1946 1975 justi-

188 1976 275 2039 tia
301 1988 366 2039 et
390 1976 752 2039 obedientia.

274 2058 592 2122 Hactenus
633 2059 838 2140 itaque
881 2059 1166 2141 abrogata
1202 2069 1296 2120 est
1341 2059 1441 2119 lex
1468 2058 1611 2134 Dei,
1645 2071 1943 2142 quatenus

189 2165 302 2287 pos
335 2142 598 2288 asmplius
635 2164 756 2237 non
794 2141 1063 2286 dangnat,
1085 2164 1206 2285 3εο
1242 2142 1391 2286 itram
1433 2141 1493 2202 in
1533 2143 1708 2286 gobis
1736 2165 1947 2287 oplerrg-

218 2246 307 2288 ur.
394 2247 575 2288 umus
616 2246 778 2286 emm
823 2247 891 2286 su
1133 2246 1186 2299 a,
1213 2247 1247 2285 e
1308 2247 1431 2285 non
1460 2246 1530 2286 su
1731 2273 1745 2287 .
1917 2264 1947 2275 -

189 2319 351 2389 terea
391 2307 666 2392 implevit
691 2246 1211 2368 Christusgordmes
1249 2307 1396 2389 legis
1437 2248 1728 2390 ἱὶςιιηιῗεἴ
1763 2309 1946 2371 Unde

191 2392 421 2454 umbroe
474 2403 798 2461 cesserunt,
848 2411 1095 2472 corpore
1151 2389 1524 2463 adveniente,
1574 2403 1644 2452 ut
1689 2390 1822 2471 jam
1880 2391 1942 2453 in
2039 2443 2042 2446 ⁴

189 2473 436 2536 Christo
462 2484 526 2536 et
552 2473 863 2534 veritatem
897 2472 1228 2533 habeamus
1256 2485 1319 2533 et
1346 2494 1590 2533 omnem
1621 2474 1948 2557 plenitudi-

36 2534 41 2546 ’Ἰ
157 2575 351 2620 nem.
434 2557 723 2619 Attamen
767 2556 962 2638 legem
1007 2578 1128 2616 non
1174 2555 1310 2616 ideo
1346 2555 1718 2617 fastidientes
1751 2556 1948 2636 rejici-

192 2654 346 2703 mus.
431 2639 833 2702 Meminimus
870 2638 1032 2699 enim
1076 2640 1394 2700 verborum
1429 2638 1706 2714 Domini,
1740 2639 1946 2701 dicen-

189 2722 289 2798 tis,
324 2722 507 2785 Matt.
535 2745 593 2784 v.
627 2723 771 2784 Non
807 2723 948 2784 veni
990 2721 1186 2806 legem
1231 2731 1291 2783 et
1323 2722 1658 2803 prophetas
1697 2722 1945 2798 solvere,

189 2806 302 2868 sed
322 2806 592 2888 ivnplere.
634 2805 875 2866 Scimus
903 2806 1036 2886 lege
1063 2805 1237 2866 nobis
1265 2805 1416 2866 tradi
1445 2805 1734 2866 formulas
1761 2806 1948 2867 virtu-

77 2903 81 2905 ’
189 2899 322 2952 tum
365 2900 548 2972 atque
589 2888 893 2951 vitiorum.
980 2888 1220 2950 Scimus
1268 2888 1623 2982 scripturam
1671 2887 1839 2969 legis,
1893 2888 1942 2949 si

68 3313 75 3319 ’
192 3301 325 3364 tolli
363 3313 548 3384 atque
590 3302 832 3365 aboleri.

190 2985 529 3056 exponatur
560 2994 667 3055 per
693 2971 1114 3053 Evangelium,
1143 2971 1431 3033 Ecclesiae
1461 2993 1589 3031 esse
1624 2970 1854 3044 utilem,
1882 2981 1945 3031 et

193 3052 416 3117 ideirco
448 3055 578 3136 ejus
615 3055 937 3116 lectionem
979 3076 1103 3115 non
1140 3052 1659 3115 exterminandam
1702 3075 1829 3113 esse
1867 3074 1946 3113 ex

195 3134 485 3199 Ecclesia.
524 3137 702 3199 Licet
729 3138 892 3199 enim
924 3137 1060 3198 velo
1086 3139 1363 3198 obtectus
1392 3136 1571 3197 fuerit
1596 3135 1790 3195 Mosis
1812 3135 1947 3196 vul-

194 3231 312 3292 tus,
338 3220 644 3303 apostolus
682 3232 884 3281 tamen
914 3220 1220 3363 Bet-hibet,
1250 3221 1453 3280 velum
1491 3240 1598 3301 per
1626 3217 1941 3279 Christum

981 3323 1299 3363 amnamus
1331 3302 1556 3374 omnia,
1632 3321 1723 3361 uoe
1760 3299 1956 3362 hoere-

193 3385 295 3446 tici
347 3397 574 3447 veteres
622 3396 686 3446 et
734 3384 1019 3446 neoterici
1067 3398 1278 3446 contra
1332 3385 1527 3467 legem
1647 3382 1703 3444 ei
1758 3381 1953 3446 docu-

73 3488 78 3500 ·
190 3479 385 3530 erunt.
