2418 4172
466 669 1159 743 ECCLESIARUM
1214 668 1411 739 PER
1461 666 2060 738 HELVETIAM
2135 672 2137 674 ’

824 860 1370 927 coNFEsslo
1427 859 1703 923 FIDEI

704 1043 1147 1099 SUMMARIA
1197 1042 1306 1096 ET
1359 1041 1841 1107 GENERALIS,

545 1211 891 1253 COMPOSI‘I'A
922 1209 1194 1252 BASILEAE
1222 1209 1397 1251 Anno
1424 1208 1653 1253 nomm
1682 1206 1987 1251 MDXXXVI.

975 1358 1167 1412 Latine
1189 1375 1382 1413 menaea
1408 1358 1569 1413 1581.

1088 1561 1437 1600 .-*.....

395 1732 443 1793 1.
491 1705 989 1792 SCRIPTURA
1031 1729 1342 1804 canonica,
1369 1730 1620 1792 verbum
1654 1729 1797 1803 Dei,
1825 1728 2056 1813 Spiritu
2084 1728 2150 1788 S.

393 1813 630 1888 tradita,
657 1825 719 1874 et
761 1834 867 1896 per
907 1813 1232 1896 prophetas
1276 1814 1699 1909 apostolosque
1740 1811 1971 1874 mundo
2011 1831 2152 1895 pro-

393 1896 606 1980 posita,
632 1895 908 1957 omnium
946 1895 1380 1979 perfectissima
1406 1907 1470 1958 et
1497 1896 1918 1978 antiquissima
1947 1893 2151 1978 philo-

394 1978 627 2063 sopbia,
654 1978 940 2062 pietatem
965 1999 1234 2052 omnem,
1255 2000 1503 2040 omnem
1525 1979 1663 2041 vitoe
1697 1978 1993 2040 rationem
2020 1976 2153 2040 sola

328 2079 335 2087 '
395 2062 660 2145 perfecte
687 2061 975 2123 continet.

480 2144 568 2208 Π.
610 2143 817 2224 Hujus
860 2143 1273 2227 interpretatio
1314 2163 1391 2204 ex
1433 2143 1563 2227 ipsa
1600 2144 1726 2206 sola
1756 2141 2016 2238 petenda
2040 2151 2154 2217 est,

397 2238 464 2291 ut
507 2227 524 2288 i
571 2250 636 2289 sa
678 2227 967 2310 interpres
1011 2227 1088 2289 sit
1132 2226 1245 2302 sui,
1278 2226 1608 2303 charitatis,
1639 2226 1904 2309 fideique
1944 2223 2155 2311 regula

398 2331 458 2371 m
542 2321 765 2372 erante.

481 2392 604 2455 111.
671 2392 731 2454 A
791 2413 916 2474 quo
982 2391 1488 2473 interpretationis
1552 2413 1789 2477 genere,
1853 2400 2153 2473 quatenus

401 2475 588 2536 sancti
633 2485 832 2558 patres
876 2495 998 2535 non
1040 2472 1381 2549 discessere,
1407 2497 1510 2537 eos
1553 2498 1678 2537 non
1720 2474 1918 2536 solum
1960 2484 2028 2536 ut
2060 2471 2155 2534 in-

402 2567 689 2640 terpretes
745 2556 1053 2639 scripturoe
1109 2557 1456 2642 recipimus,
1500 2557 1605 2620 sed
1647 2569 1716 2620 ut
1764 2578 1989 2643 organa
2028 2554 2149 2618 Dei

401 2638 621 2702 dilecta
643 2660 1018 2702 veneramur.

490 2723 599 2785 lv.
639 2722 751 2784 Per
791 2733 1005 2784 coetera
1036 2720 1112 2783 de
1141 2722 1561 2785 traditionibus
1593 2723 1934 2798 bominum,
1962 2741 2157 2804 quan-

402 2805 627 2867 tumvis
684 2804 968 2888 speciosis
1024 2817 1087 2867 et
1141 2809 1416 2889 receptis,
1459 2828 1842 2889 quaecunque
1889 2826 2000 2867 nos
2047 2802 2157 2866 ab·

400 2887 634 2951 ducunt
688 2887 783 2950 vel
831 2886 1192 2971 impediunt,
1236 2900 1304 2951 ut
1351 2889 1427 2950 de
1473 2890 1789 2952 inutilibus
1830 2898 1894 2950 et
1933 2883 2152 2962 noxiis,

402 2971 487 3033 sic
526 2970 676 3033 illud
702 2970 961 3035 Domini
998 2971 1461 3054 respondemus:
1506 2973 1768 3036 msto-a
1805 2992 1901 3034 me
1930 2969 2154 3044 eoban,

402 3054 680 3117 decenam
707 3053 1017 3117 doctrinas
1043 3053 1362 3116 bantinum.

486 3137 562 3197 V.
592 3137 798 3200 Status
840 3136 1020 3218 hujus
1058 3137 1367 3222 seripturae
1404 3139 1709 3201 canonicae
1746 3138 1932 3201 totius
1965 3137 2016 3200 is
2042 3147 2154 3213 est,

408 3219 575 3283 Bene
603 3219 809 3284 Deum
842 3219 1161 3283 hominum
1193 3221 1395 3303 generi
1434 3222 1608 3294 velle,
1636 3233 1698 3283 et
1731 3243 1864 3284 eam
1896 3222 2155 3305 benero-

406 3303 653 3364 lentiam
691 3325 798 3386 per
822 3302 1134 3365 Christum
1166 3304 1503 3399 Dominum
1547 3304 1897 3379 declarasse,
1924 3302 2153 3397 mlius»

406 3405 768 3530 2232&th
796 3385 1446 3532 2332&ssssssssssssss
1474 3387 1919 3554 exssffssffim
1955 3384 2152 3447 ‘'¹⁸¹⁸''

489 3549 598 3609 vl.
631 3550 729 3611 De
771 3550 906 3611 Deo
949 3552 1033 3613 sic
1078 3554 1390 3625 sentimus,
1420 3553 1630 3615 Unum
1661 3548 2014 3625 substantia,
2041 3550 2150 3611 tri·

406 3651 549 3691 niun
593 3633 878 3712 personis,
904 3635 1381 3714 omnipotentem
1413 3657 1561 3706 esse,
1590 3634 1691 3713 qui
1725 3644 1786 3693 ut
1819 3631 2151 3695 condiderit
