2418 4172
794 350 1341 407 HELVETIOA.
1862 352 1934 406 63

182 498 335 563 tanti
377 497 655 571 facimus,
698 506 766 556 ut
814 516 854 555 n
934 515 1107 555 emus
1158 515 1260 554 eos
1310 512 1513 552 coram
1560 491 1699 551 Deo
1740 494 1938 555 vivere

183 600 380 667 posse,
407 581 512 663 qui
542 600 683 641 cum
724 598 861 639 vera
953 578 1007 638 ei
1032 574 1283 638 eeclesia
1312 595 1432 636 non
1463 576 1939 648 communicant,

184 663 287 727 sed
321 665 398 725 ab
434 686 504 724 ea
539 685 602 723 se
646 671 939 743 separant.
1030 658 1194 720 Nam
1232 669 1300 718 ut
1337 669 1505 718 extra
1549 678 1744 716 arcam
1781 657 1940 729 Noe,

184 768 308 809 non
348 755 473 808 erat
510 743 634 806 ulla
671 743 849 816 salus,
876 753 1163 826 pereunte
1208 739 1435 800 mundo
1475 739 1535 799 in
1580 738 1827 812 diluvio,
1860 741 1940 800 ita

183 828 484 891 credimus
519 837 690 888 extra
716 825 1051 897 Christum,
1089 823 1191 904 qui
1234 845 1297 884 se
1338 822 1543 883 electis
1584 821 1645 881 in
1690 823 1941 882 ecclesia

184 910 506 974 fruendum
546 911 793 993 prebet,
835 909 1065 968 nullam
1109 928 1239 967 esse
1278 906 1532 966 salutem
1575 917 1837 965 certamz
1881 919 1942 966 et

183 993 436 1080 proinde
473 993 761 1053 docemus
789 991 987 1051 vivere
1014 989 1284 1050 volentes
1314 1011 1435 1048 non
1465 1001 1739 1070 oportere
1776 1011 1945 1071 sepa-

185 1077 300 1140 rari
329 1099 366 1139 a
391 1096 530 1138 vera
557 1074 785 1136 Christi
817 1074 1084 1134 ecclesia.

269 1159 472 1244 Signis
499 1171 703 1220 tamen
736 1155 1246 1226 commemoratis,
1277 1177 1395 1215 non
1436 1154 1520 1214 ita
1549 1165 1709 1214 arcte
1749 1152 1944 1214 inclu-

186 1241 390 1304 dimus
436 1241 774 1314 ecclesiam,
823 1252 894 1300 ut
941 1260 1152 1300 omnes
1212 1238 1347 1298 illos
1401 1248 1571 1297 extra
1626 1237 1940 1296 ecclesiam

189 1347 320 1387 esne
355 1324 697 1396 doceamus,
724 1321 829 1404 qui
862 1323 951 1382 vel
982 1320 1368 1382 sacramentis
1405 1342 1525 1379 non
1565 1319 1946 1403 participant,

190 1429 314 1470 non
356 1406 601 1490 quidem
643 1406 930 1478 volentes,
970 1426 1166 1485 neque
1208 1425 1316 1486 per
1358 1414 1797 1485 contemptum,
1841 1402 1943 1463 sed

191 1490 547 1553 necessitate
587 1487 788 1572 potius
828 1487 1156 1548 inevitabili
1199 1486 1411 1560 coacti,
1445 1486 1718 1546 nolentes
1758 1486 1834 1545 ab
1875 1486 1946 1545 iis

191 1573 549 1645 abstineant,
575 1583 682 1632 aut
719 1571 790 1630 iis
828 1580 1101 1631 careantz
1144 1569 1238 1629 vel
1270 1569 1330 1628 in
1361 1569 1582 1648 quibus
1622 1568 1948 1648 aliquando

189 1653 398 1717 deficit
425 1653 595 1727 fides,
617 1674 737 1713 non
769 1664 971 1712 tamen
991 1651 1233 1732 penitus
1255 1650 1630 1730 extinguitur
1659 1661 1763 1709 aut
1783 1672 1949 1731 pror-

190 1758 293 1800 sus
339 1735 594 1798 desinit:
636 1734 729 1795 vel
784 1735 846 1795 in
897 1734 1117 1815 quibus
1163 1732 1529 1793 infirmitatis
1570 1731 1716 1792 vitia
1765 1744 1948 1813 atque

190 1841 414 1882 errores
463 1818 868 1879 inveniuntur.
953 1817 1195 1877 Scimus
1243 1815 1405 1875 enim
1458 1814 1664 1875 Deum
1719 1814 1951 1896 aliquot

193 1902 475 1970 babuisse
514 1902 575 1962 in
609 1900 839 1961 mundo
878 1899 1124 1969 amicos,
1153 1909 1325 1959 extra
1355 1898 1590 1958 Israelis
1619 1899 1950 1980 rempubli-

192 2007 349 2048 cam.
435 1984 675 2045 Scimus
703 1982 848 2064 quid
891 1983 1120 2065 populo
1149 1981 1268 2042 Dei
1308 1982 1573 2041 evenerit
1606 1981 1669 2041 in
1700 1981 1951 2064 captivi-

192 2080 318 2129 tate
345 2067 743 2149 Babylonica,
772 2066 834 2126 in
863 2087 982 2147 qua
1013 2065 1317 2126 sacrificiis
1347 2064 1469 2124 suis
1498 2077 1815 2125 caruerunt
1847 2087 1951 2125 an·-

196 2151 290 2227 nis
317 2150 717 2234 septuaginta.
802 2148 1042 2208 Scimus
1080 2147 1225 2228 quid
1256 2146 1520 2208 evenerit
1547 2147 1611 2206 S.
1641 2147 1819 2208 Petro
1847 2170 1952 2208 ne-

272 2234 408 2306 tori,
448 2244 512 2293 et
553 2231 703 2313 quid
745 2230 1016 2312 quotidie
1057 2230 1295 2291 evenire
1345 2230 1532 2291 soleat
1578 2230 1783 2290 electis
1828 2230 1949 2292 Dei

196 2254 475 2378 ffielibus
516 2314 851 2376 errantibus
893 2326 955 2374 et
997 2312 1270 2373 infirmis.
1355 2312 1596 2373 Scimus
1647 2324 1950 2395 proeterea,

196 2397 402 2480 quales
451 2397 857 2479 apostolorum
901 2395 1279 2477 temporibus
1328 2395 1551 2456 fuerint
1594 2395 1949 2457 Galatarum

196 2492 261 2543 et
284 2480 738 2543 Corinthiorum
781 2478 1065 2554 ecclesiae,
1095 2478 1156 2538 in
1185 2477 1405 2559 quibus
1437 2478 1628 2538 multa
1662 2489 1724 2539 et
1750 2478 1953 2560 gravia

197 2575 441 2627 accusat
479 2563 808 2647 Apostolus
852 2562 1092 2634 scelera,
1129 2572 1190 2622 et
1231 2573 1436 2622 tamen
1471 2573 1787 2644 nuncupat
1827 2583 1956 2622 eas-

197 2647 338 2708 dem
382 2658 618 2708 sanctas
647 2645 875 2706 Christi
915 2644 1215 2706 ecclesias.
1260 2643 1556 2714 Quinimo
1586 2646 1656 2704 fit
1685 2644 1954 2725 aliquan·

198 2729 299 2804 do,
326 2740 394 2791 ut
420 2729 593 2791 Deus
612 2728 782 2809 justo
801 2728 1033 2808 judicio
1060 2728 1372 2788 veritatem
1402 2727 1569 2788 verbi
1601 2727 1712 2802 sui,
1741 2727 1955 2787 fidem-

199 2834 320 2894 que
361 2812 744 2885 catholicam,
785 2824 847 2871 et
887 2811 1120 2872 cultum
1167 2811 1286 2871 Dei
1332 2810 1670 2892 legitimum
1718 2810 1804 2869 sic
1846 2810 1954 2869 ob·

199 2895 420 2957 scurari
462 2906 526 2956 et
563 2894 817 2956 convelli
848 2894 1025 2967 sinat,
1053 2906 1120 2954 ut
1149 2915 1337 2976 prope
1368 2893 1639 2953 videatur
1665 2891 1954 2965 extincta,

201 2988 265 3039 et
307 2978 476 3039 nulla
522 2978 784 3059 amplius
827 2998 1139 3060 superesse
1181 2976 1465 3037 ecclesia:
1510 2974 1684 3035 sicuti
1723 2974 1950 3035 factum

200 3058 476 3122 videmus
526 3060 746 3134 Heliae,
794 3071 857 3120 et
914 3059 1044 3120 aliis
1103 3059 1495 3142 temporibus,
1536 3068 1575 3118 3
1627 3057 1777 3139 Reg.
1827 3057 1951 3117 xix.

203 3142 397 3225 Apoc.
434 3143 535 3203 vii.
573 3156 611 3204 2
648 3143 810 3203 Tim.
844 3142 904 3203 ii.
992 3140 1244 3203 Interim
1292 3142 1474 3202 habet
1517 3141 1688 3201 Deus
1730 3140 1791 3199 in
1838 3139 1955 3201 boc

204 3223 455 3300 mundo,
482 3236 544 3284 et
571 3225 633 3284 in
665 3224 831 3285 hisce
863 3225 1126 3285 tenebris
1156 3245 1295 3284 suos
1324 3225 1456 3283 illos
1484 3244 1654 3283 veros
1684 3221 1955 3283 adorato-

202 3329 315 3382 res,
343 3328 457 3367 nee
483 3327 726 3390 paucos,
754 3307 857 3367 sed
887 3318 1120 3390 septem
1160 3306 1349 3365 millia
1384 3328 1454 3365 ac
1483 3306 1702 3387 plures.
1786 3303 1951 3365 Nam

203 3402 266 3451 et
282 3389 613 3473 Apostolus
632 3389 872 3463 clamat,
894 3386 1797 3470 Solidumsundumentum-Dei
1811 3394 1955 3459 stat,

206 3472 431 3535 habeus
455 3473 513 3533 εἰ
641 3470 843 3533 culum
871 3470 1000 3545 hoc,
1023 3468 1214 3531 Novit
1235 3470 1537 3532 Dominus
1639 3469 1666 3531 ι’
1688 3470 1816 3532 sint
1840 3471 1958 3546 sui,

205 3557 317 3618 &a
396 3554 507 3617 -Un
550 3577 585 3616 e
634 3567 697 3615 et
743 3553 992 3616 ecclesia
1040 3553 1355 3614 invisibilis
1402 3575 1557 3637 appe
1605 3553 1688 3614 ari
1737 3564 1958 3636 potest,

206 3659 328 3700 non
358 3637 522 3720 q'uod
552 3637 829 3700 homines
868 3637 987 3699 sint
1026 3635 1372 3712 invisibiles,
1405 3657 1483 3699 ex
1511 3636 1732 3719 quibus
1767 3637 1959 3698 eccle·
2011 3687 2019 3691 -

1679 3776 1713 3788 f
