2418 4172
478 314 552 371 46
1109 319 1599 375 CONFESSIO

561 457 647 521 Et
681 458 959 541 quamvis
986 458 1300 544 Evangelii
1336 461 1608 526 doctrina
1646 463 1867 526 collata
1899 485 2042 526 cum
2071 463 2230 527 Pha-

471 542 781 606 -risaeorum
817 541 1088 605 doctrina
1115 545 1284 628 legis,
1311 546 1437 607 visa
1475 547 1572 619 sit,
1600 569 1740 608 cum
1782 546 2048 630 primum
2078 569 2230 631 prae—

476 624 776 688 dicaretur
889 648 918 687 r
945 626 1277 702 Christum,
1306 651 1459 691 nova
1489 652 1617 690 esse
1654 630 1946 703 doctrina,
1974 630 2135 712 quod
2163 641 2228 691 et

465 708 771 772 Jeremias
799 647 887 769 ἕξ
903 708 1085 770 Νονο
1103 710 1494 773 Testamento
1522 713 1876 775 vaticinatus
1905 711 2001 786 sit,
2027 734 2230 774 revera

475 802 679 853 tamen
711 791 830 864 illa,
859 814 980 853 non
1022 793 1207 854 modo
1234 805 1404 856 vetus
1433 807 1579 867 erat,
1608 808 1671 856 et
1709 807 1799 856 est
1829 795 2027 856 adbuc
2061 796 2228 872 (nam

475 896 632 937 nova
672 873 891 935 dicitur
931 885 992 935 et
1036 875 1216 938 hodie
1259 899 1294 937 a
1336 877 1605 960 papistis,
1644 878 1862 940 collata
1903 899 2044 939 cum
2087 876 2232 939 doc-

475 956 633 1019 trina
663 960 794 1038 jam
849 956 1218 1040 papistarum
1266 964 1530 1054 recepta)
1577 973 1749 1022 vetus
1790 960 2080 1035 doctrina,
2120 958 2228 1022 sed

474 1039 749 1102 omnium
803 1040 862 1101 in
915 1040 1146 1102 mundo
1193 1042 1626 1123 antiquissima.
1710 1043 1884 1105 Deus
1933 1044 2097 1104 enim
2151 1043 2229 1104 ab

474 1133 700 1186 eterno
720 1121 1166 1205 praedestinavit
1187 1124 1481 1185 mundum
1507 1147 1739 1186 servare
1756 1148 1864 1208 per
1890 1126 2227 1201 Christum,

475 1216 538 1268 et
572 1205 730 1268 hanc
761 1226 931 1267 suam
978 1205 1569 1288 praedestinationem
1616 1221 1679 1268 et
1717 1208 2038 1271 consilium
2072 1230 2230 1271 sem-

519 1287 780 1349 iternum
821 1289 1055 1371 aperuit
1085 1287 1315 1349 mundo
1343 1311 1452 1370 per
1479 1289 1903 1371 Evangelium,
1933 1304 1971 1352 2
1990 1290 2155 1353 Bm.
2183 1292 2224 1353 i.

474 1310 660 1432 bride
698 1370 883 1432 claret
917 1370 1265 1452 religionem
1305 1369 1764 1454 doctrinamque
1799 1372 2230 1455 evangelicam,

473 1452 630 1514 inter
674 1474 906 1524 omnes,
958 1464 1259 1535 quotquot
1314 1453 1558 1516 fuerunt
1607 1477 1900 1537 unquam,
1949 1468 2093 1518 sunt
2139 1467 2231 1518 at-

473 1557 594 1617 que
632 1546 827 1609 erunt,
859 1535 1133 1598 omnium
1173 1559 1302 1598 esse
1337 1537 1840 1619 antiquissimam.
1927 1538 2113 1602 Unde
2138 1538 2231 1600 di-

472 1619 668 1680 cimus
697 1639 910 1679 omnes
952 1641 1055 1680 eos
1093 1642 1287 1681 errare
1325 1621 1599 1703 turpiter,
1625 1633 1688 1682 et
1725 1621 1973 1703 indigna
2001 1634 2228 1684 aeterno

475 1700 594 1763 Dei
637 1699 890 1763 consilio
938 1700 1124 1783 loqui,
1167 1702 1272 1783 qui
1321 1704 1731 1786 evangelicam
1782 1704 2118 1766 doctrinam
2165 1719 2228 1767 et

471 1783 844 1865 religionem,
887 1805 1089 1846 nuncu
1137 1797 1242 1847 ant
1277 1808 1470 1869 nuper
1510 1799 1803 1863 exortam,
1843 1799 1906 1848 et
1937 1788 2039 1849 vix
2079 1809 2226 1849 xxx.

472 1887 765 1928 annorum
799 1864 1006 1928 fidem.
1129 1890 1174 1929 n·
1244 1890 1349 1930 uos
1377 1870 1671 1952 competit
1705 1869 1851 1932 illud
1883 1870 2057 1932 Isaiae
2086 1870 2230 1932 Pro-

519 1949 673 2010 betoe
730 1970 860 2031 cap.
918 1971 974 2009 v.
1032 1948 1140 2012 Voe
1247 1952 1299 2012 is
1363 1953 1471 2034 qui
1537 1953 1748 2014 dicunt
1810 1952 2038 2016 malum
2099 1975 2229 2016 esse

589 2053 710 2105 um,
745 2039 806 2092 et
849 2031 1066 2094 bonum
1107 2033 1355 2108 malum,
1394 2035 1501 2117 qui
1532 2043 1766 2116 ponunt
1808 2036 2092 2098 tenebras
2115 2036 2229 2098 Iu-

473 2135 618 2188 cem,
661 2122 723 2175 et
766 2113 958 2177 lucem
1008 2116 1306 2191 tenebras,
1357 2138 1641 2181 antarum
1690 2117 1887 2195 dulce,
1932 2126 1993 2181 et
2051 2118 2231 2182 daulce

472 2218 769 2259 amarum.
2202 2235 2209 2241 ·

1031 2380 1652 2421 ..ψ-.-

670 2534 776 2595 De
803 2533 1180 2595 Poenitentia
1210 2542 1270 2595 et
1307 2535 1707 2598 Conuersione
1738 2536 2045 2600 Homtm's.

1255 2704 1429 2767 XIV.

472 2844 800 2925 ΗΑΒΕΤ
847 2858 1248 2941 Evangelium
1295 2863 1683 2940 conjunctam
1732 2860 1845 2921 sibi
1888 2860 2224 2923 doctrinam

469 2943 546 3004 de
568 2943 942 3027 poenitentia.
982 2942 1074 3003 Ita
1098 2943 1259 3003 enim
1283 2942 1437 3004 dixit
1462 2943 1518 3003 in
1542 2942 1874 3023 Evangelio
1895 2943 2227 3014 Dominus,

470 3027 657 3089 Lucae
698 3027 860 3089 xxiv.
897 3025 1157 3107 Oportet
1188 3026 1515 3109 pra-dicari
1554 3027 1617 3087 in
1655 3027 1895 3088 nomine
1931 3047 2061 3088 meo
2094 3048 2229 3109 ρων

469 3110 793 3172 nitentium
823 3118 885 3171 et
910 3109 1321 3172 remissionem
1342 3118 1729 3191 peccatorum
1761 3110 1827 3171 in
1847 3129 2052 3171 omnes
2073 3131 2228 3205 gen-

470 3201 577 3254 tes.
651 3193 764 3255 Per
791 3192 1212 3276 poenitentiam
1246 3205 1448 3254 autem
1486 3192 1882 3273 intelligimus
1913 3206 2134 3255 mentis
2163 3192 2227 3255 iu

473 3275 720 3338 homine
750 3293 1061 3358 peccatore
1090 3275 1583 3359 resipiscentiam,
1610 3277 1793 3338 verbo
1820 3274 2135 3358 Evangelii
2163 3285 2228 3337 ct

470 3357 695 3439 Spiritu
726 3359 949 3421 Sancto
973 3358 1318 3431 excitatam,
1337 3358 1578 3441 fideque
1596 3381 1732 3421 vera
1755 3369 2086 3443 acceptam,
2104 3378 2227 3439 qua

470 3440 740 3521 protinus
772 3442 956 3503 homo
987 3458 1284 3525 peccator,
1313 3455 1592 3525 agnatum
1626 3442 1740 3504 sibi
1776 3439 2222 3524 corruptionem

470 3535 834 3603 peccataque
885 3525 1090 3586 omnia
1136 3548 1265 3599 sua,
1308 3548 1415 3608 per
1462 3527 1712 3588 verbum
1757 3523 1879 3586 Dei
1929 3537 2228 3598 accusata,

470 3604 758 3685 agnoscit,
786 3629 854 3667 ac
887 3605 963 3667 de
994 3607 1086 3668 his
1122 3629 1196 3668 cx
1228 3607 1406 3669 corde
1433 3607 1619 3682 dolet,
1643 3605 1981 3686 eademque
2019 3626 2222 3672 coram

2393 1502 2416 1536 ὀ

2382 3581 2403 3644 i
