2418 4172
895 209 912 242 i
1200 182 1205 186 ’
1534 233 1545 246 .
1829 182 1942 242 Ὺ,

551 334 622 389 16
747 342 756 358 2
805 408 825 436 ᾖ,
1182 335 1674 391 coxrsssmo

550 477 895 538 thoritateni
929 477 1324 538 sufficientem
1358 500 1431 538 ex
1466 477 1805 560 semetipsis
1838 501 1956 538 non
1989 499 2062 539 ex
2112 476 2308 539 homi-

552 561 727 622 nibus
758 559 992 621 habere.
1079 559 1242 621 Nam
1285 560 1454 621 Deus
1495 561 1620 644 ipse
1664 562 1949 642 loquutus
1991 573 2082 621 est
2126 559 2307 644 patri-

554 645 682 717 bus,
711 643 1043 726 prophetia,
1070 656 1131 704 et
1162 644 1467 726 apostolis,
1496 658 1556 704 et
1587 644 1852 726 loquitur
1889 642 2305 706 adhuc-nobis

628 748 655 785 r
681 726 1022 808 Scripturas
1050 740 1304 788 sanctas.
1392 726 1475 787 Et
1506 727 1566 786 in
1599 726 1715 789 hac
1750 727 2058 820 Scriptura
2099 738 2307 787 sancta

551 748 736 869 Εἰδώ
769 808 1117 871 universalis
1147 809 1372 870 Christi
1420 808 1691 870 Ecclesia
1731 809 2080 892 plenissime
2116 830 2307 891 expo-

551 892 682 966 sita,
710 913 1088 972 quaecunque
1116 894 1419 975 pertinent
1450 913 1590 953 cum
1623 891 1695 952 ad
1727 892 2057 954 salvificam
2103 889 2308 966 fldem,
2378 898 2392 909 ‘

479 1002 488 1009 ·
552 987 680 1035 tum
727 973 801 1035 ad
833 974 1016 1035 vitam
1062 974 1199 1035 Deo
1242 975 1606 1059 placentem,
1638 986 1797 1035 recte
1842 973 2304 1036 informandam.

553 1057 966 1127 Quo‘nomine
996 1057 1277 1119 distincte
1324 1081 1357 1118 a
1396 1056 1534 1118 Deo
1581 1070 1947 1140 praeceptum
1993 1069 2105 1132 est,
2133 1052 2211 1118 n‘e
2251 1057 2306 1118 ei

552 1137 777 1221 aliquid
808 1141 897 1200 vel
941 1139 1194 1202 addatur
1220 1141 1313 1201 vel
1359 1139 1722 1201 detrahatur.
1809 1140 2120 1202 Sentimus
2163 1162 2309 1223 ergo

552 1246 626 1284 ex
662 1222 824 1284 hisce
855 1223 981 1283 Scri
1031 1223 1179 1283 turis
1208 1223 1533 1316 petendam
1564 1243 1693 1282 esse
1716 1243 1916 1283 veram
1948 1222 2306 1317 sapientiam

552 1319 613 1366 et
646 1305 956 1388 pietatem,
1045 1306 1395 1366 cclesiarum
1437 1326 1560 1385 quo
1607 1326 1681 1364 ue
1720 1303 2208 1367 reformationem
2248 1318 2309 1366 et

552 1388 1070 1470 gubernationem,
1091 1387 1492 1467 omniumque
1515 1409 1553 1446 o
1620 1386 1848 1448 ciorum
1875 1386 2116 1470 pietatis
2136 1387 2308 1449 insti-

552 1470 869 1540 tutionem,
888 1470 1304 1552 probationem
1336 1469 1598 1551 denique
1626 1468 2004 1552 dogmatum,
2024 1471 2306 1554 reproba-

551 1554 920 1634 tionemque,
945 1565 1048 1614 aut
1077 1575 1342 1614 errorum
1376 1553 1851 1614 confutationem
1881 1553 2180 1627 omnium,
2201 1553 2306 1615 sed

550 1649 612 1698 et
642 1635 1082 1698 admonitiones
1112 1654 1344 1710 omnes,
1363 1635 1542 1716 juxta
1574 1635 1718 1696 illud
1757 1635 2056 1719 Apostoli,
2090 1635 2309 1699 Omnis

556 1721 880 1801 Scriptura
900 1719 1188 1781 divinitus
1207 1719 1532 1800 inspirata,
1548 1718 1723 1780 utilis
1742 1727 1831 1780 est
1850 1719 1936 1781 ad
1948 1719 2308 1795 doctrinam,

552 1804 636 1864 ad
675 1803 1192 1886 redargutionem,
1222 1804 1332 1863 &c.
1380 1817 1414 1863 2
1457 1802 1730 1863 Timoth.
1774 1803 1857 1863 iii.
1942 1802 2027 1864 Et
2071 1802 2308 1882 iterum,

557 1887 711 1948 Hoec
753 1885 866 1947 tibi
906 1886 1121 1959 scribo,
1166 1885 1361 1967 inquit
1406 1885 1479 1945 ad
1537 1885 1808 1946 Timoth.
1854 1886 2184 1968 Apostolus
2242 1886 2304 1947 in

561 1982 582 2029 1
621 1992 752 2052 cap.
787 1968 867 2029 iii.
897 1978 967 2030 ut
1010 1969 1178 2029 noris
1220 1969 1505 2063 quomodo
1547 1977 1821 2051 oporteat
1863 1977 1924 2030 te
1962 1970 2199 2030 versari
2240 1970 2308 2030 in

551 2053 723 2115 domo
754 2051 897 2126 Dei',
928 2054 1036 2113 &c.
1123 2050 1205 2112 Et
1235 2050 1395 2112 idem
1427 2051 1527 2111 ille
1557 2074 1757 2113 rursus
1789 2051 1863 2112 ad
1900 2051 2114 2113 Thess.
2151 2052 2307 2114 Cum

549 2136 653 2207 ait,
673 2136 1029 2216 acciperetis
1054 2156 1390 2196 sermonem
1420 2155 1459 2195 a
1486 2134 1675 2210 nobis,
1695 2134 2013 2216 accepistis
2032 2157 2152 2196 non
2177 2156 2308 2198 ser-

550 2241 782 2280 monem
813 2217 1133 2292 hominum,
1149 2218 1261 2279 sed
1282 2218 1440 2279 sicut
1468 2227 1604 2280 erat
1632 2240 1773 2280 vere
1798 2240 2134 2280 sermonem
2157 2217 2308 2295 Dec,

552 2304 660 2363 &c.
723 2315 744 2363 1
809 2301 1021 2363 Thess.
1083 2301 1141 2362 ii.
1227 2301 1392 2362 Nam
1453 2302 1580 2383 ipse
1639 2302 1698 2361 in
1758 2301 2095 2383 Evangelio
2150 2300 2308 2367 dixit

548 2385 873 2460 Dominus,
906 2384 1050 2446 Non
1080 2406 1184 2445 vos
1213 2384 1358 2444 estis
1397 2382 1704 2480 loquentes
1748 2383 1861 2458 illi,
1886 2384 1996 2445 sed
2034 2382 2308 2465 Spiritus

550 2467 771 2529 Patris
798 2468 917 2528 mei
946 2466 1214 2549 quuitur
1242 2467 1305 2527 in
1333 2466 1516 2542 vobis,
1541 2466 1716 2549 Ergo
1743 2468 1851 2550 qui’
1876 2488 1980 2530 vos
2008 2468 2184 2531 audit
2211 2491 2308 2530 me

552 2550 747 2623 audit,
772 2551 893 2632 qui
934 2558 1138 2610 autem
1181 2571 1286 2612 vos
1326 2550 1555 2631 spernit
1599 2572 1692 2610 me
1732 2551 1986 2632 spernit,
2032 2550 2216 2612 Matt.
2244 2572 2302 2612 x.

552 2633 708 2694 Luc.
737 2654 797 2693 x.
826 2633 1006 2693 Joan.
1038 2632 1162 2693 xiii.

636 2715 894 2777 Proinde
922 2738 1063 2776 cum
1097 2715 1277 2777 hodie
1309 2715 1425 2776 hoc
1454 2715 1570 2776 Dei
1599 2719 1847 2777 verbum
1879 2738 1986 2799 per
2012 2715 2304 2812 praedica-

551 2811 707 2861 tores
737 2798 1007 2882 legitime
1031 2810 1271 2860 vocatos
1302 2799 1700 2860 annunciatur
1723 2800 1781 2859 in
1806 2798 2098 2875 Ecclesia,
2115 2798 2305 2861 credi-

553 2903 686 2943 mus
731 2882 928 2965 ipsum
975 2880 1094 2943 Dei
1133 2883 1383 2943 verbum
1430 2882 1799 2956 annunciari,
1841 2894 1903 2944 et
1945 2905 1981 2944 a
2023 2882 2303 2946 fidelibus

551 2964 754 3059 recipi,
790 2986 987 3046 neque
1031 2963 1192 3026 aliud
1236 2964 1355 3026 Dei
1395 2966 1643 3026 verbum
1685 2965 1777 3026 vel
1824 2964 2178 3049 fingendum
2209 2966 2301 3026 vel

550 3048 792 3109 coelitus
821 3070 951 3108 esse
981 3048 1461 3131 expectandum:
1508 3060 1688 3132 atque
1718 3049 1780 3108 in
1811 3048 2089 3131 praesenti
2132 3070 2303 3131 spec-

553 3130 800 3192 tandum
831 3153 962 3192 esse
998 3130 1195 3216 ipsum
1228 3132 1499 3205 verbum,
1530 3130 1691 3214 quod
1732 3132 2299 3206 annunciatur,.non

552 3213 1016 3276 annunciantem
1044 3214 1410 3291 ministrum,
1428 3214 1532 3296 qui
1557 3214 1668 3275 etsi
1690 3214 1770 3276 sit
1793 3214 1986 3276 malus
2008 3224 2070 3276 et
2092 3218 2302 3299 paeoe·

552 3310 660 3370 tor,
689 3309 1101 3359 verumtamen
1131 3310 1193 3359 et
1234 3298 1459 3359 bonum
1506 3310 1709 3359 manet
1747 3297 2143 3359 nihilominus
2171 3318 2300 3358 ver-

552 3380 696 3439 bum
732 3379 871 3440 Dei.
954 3380 1176 3464 Neque
1204 3381 1563 3443 arbitramur
1600 3380 2091 3465 praedicationem
2131 3379 2297 3441 illam

551 3473 858 3523 externam
911 3476 1199 3546 tanquam
1255 3464 1531 3526 inutilem
1583 3463 1719 3525 ideo
1760 3463 1967 3538 videri,
2008 3461 2297 3544 quoniam
2385 3478 2390 3484 ’

553 3543 809 3639 pendeat
840 3545 1136 3638 institutio
1158 3569 1312 3608 verae
1344 3547 1645 3630 religionis
1675 3548 1752 3608 ab
1782 3547 2028 3639 interna·
2041 3543 2300 3629 Spiritus

553 3626 1024 3688 illuminatione:
1082 3643 1395 3711 propterea
1438 3629 1600 3710 quod
1645 3630 1934 3711 scriptum
1982 3638 2093 3688 sit:
2153 3624 2299 3689 Non

2315 398 2369 461 4
