2418 4172
459 351 567 405 382
1091 346 1575 403 CONFESSIO

458 491 637 555 dibus
676 492 890 554 nostris
922 490 1172 566 habitet,
1202 490 1352 552 Mal.
1383 489 1443 552 ii.
1473 503 1568 551 10.
1608 501 1632 551 1
1659 489 1786 551 Pet.
1815 489 1854 551 i.
1884 502 1942 552 2.
1976 503 2000 552 1
2024 490 2206 554 Joan.

459 575 535 638 iv.
561 587 654 638 14.
695 575 833 637 Gal.
866 575 940 635 iv.
969 572 1027 634 6.
1057 573 1178 635 Tit.
1210 573 1292 634 iii.
1325 585 1382 635 5.
1423 573 1604 635 Rom.
1631 573 1754 634 viii.
1783 585 1844 648 9.
1879 572 2062 635 Rom.
2083 577 2205 636 xiv.

464 669 556 720 15.
642 659 845 740 Atque
887 668 1156 719 sanctam
1203 657 1360 717 hanc
1406 677 1589 718 sacrae
1633 655 1946 717 Trinitatis
1987 655 2208 719 doctri-

455 763 598 803 nam
628 741 760 822 jam
803 741 941 802 inde
985 741 1060 801 ab
1101 741 1507 822 apostolorum
1544 751 1719 801 oetate
1750 738 1825 800 ad
1856 738 1987 800 hoec
2015 760 2208 821 usque

456 835 729 907 tempora
773 845 1011 906 semper
1038 845 1177 884 vera
1205 822 1477 884 Ecclesia
1521 823 1784 896 retinuit,
1822 832 1884 883 et
1925 820 2207 885 adversus

452 907 497 968 J
502 906 721 982 udoeos,
766 906 1258 976 Mahumetanos,
1300 906 1445 966 alios
1492 927 1567 966 ue
1602 905 2209 989 pseudochristianos,

454 1000 517 1051 et
555 989 865 1051 haereticos
907 988 1195 1061 defendit,
1222 989 1428 1071 quales
1448 927 1700 1049 (inerunt
1729 988 2029 1063 Marcion,
2066 986 2208 1049 Ma·

452 1094 579 1167 nes,
638 1073 910 1145 Praxeas,
965 1070 1284 1163 sabellius,
1334 1071 1780 1164 samosatenus,
1829 1086 1893 1132 et
1945 1070 2205 1164 similes?

451 1153 1532 1316 {³3³1}..⁰mflisslsseffi‘3essssr‘l'ssffii'd‘
1537 1152 2207 1319 ¹:y8,“1331*;⁰t,13².22¹.¹;.²1

450 1339 606 1392 mus,
650 1339 871 1400 nempe
911 1317 1365 1460 Apostolorum,
1404 1317 1735 1391 Nicenum,
1772 1328 1835 1378 et
1867 1317 2208 1392 Athanasii,

449 1412 511 1462 et
540 1421 918 1482 quoecunque
1005 1422 1039 1460 e
1085 1401 1203 1461 hoc
1238 1398 1524 1483 dogmate
1554 1398 1734 1480 juxta
1770 1400 2011 1462 illorum
2041 1421 2207 1484 sym·

448 1484 724 1544 bolorum
756 1483 1116 1543 sententiam
1148 1494 1507 1544 statuerunt.

528 1565 614 1627 X.
659 1565 980 1627 Credimus
1025 1565 1244 1627 «Iesum
1284 1565 1599 1627 Christum
1650 1574 1928 1648 respectu
1972 1575 2205 1629 natura

448 1648 635 1731 ipsius
685 1648 902 1709 divinoe
951 1648 1202 1709 unicum
1251 1670 1381 1709 esse
1424 1648 1544 1709 Dei
1589 1647 1815 1708 Filium
1860 1648 1938 1709 ab
1979 1658 2204 1710 aeterno

447 1732 743 1814 genitum,
784 1752 906 1791 non
949 1730 1178 1791 factum
1225 1742 1329 1791 aut
1371 1742 1661 1803 creatum,
1686 1730 1869 1791 Joan.
1898 1730 1940 1791 i.
1976 1741 2073 1793 18.
2100 1742 2202 1806 49.

449 1818 632 1891 (esset
659 1816 823 1874 enim
857 1818 1151 1893 creatura)
1182 1813 1284 1874 sed
1326 1812 1596 1892 ejusdem
1627 1834 1766 1873 cum
1799 1813 1974 1874 Patre
2001 1835 2204 1875 essen·

446 1897 567 1971 tiae,
598 1896 803 1978 illique
832 1898 1196 1956 cooeternum'
1222 1918 1239 1956 t
1283 1896 1508 1976 quique
1541 1906 1634 1955 est
1660 1917 1800 1955 vera
1828 1895 2033 1978 imago
2061 1897 2204 1958 sub-

445 1980 679 2041 stantioe
712 1978 924 2051 Patris,
952 1988 1014 2038 et
1043 1976 1327 2059 splendor
1355 1978 1559 2059 glorioe
1596 1976 1786 2059 ipsius
1815 1977 1878 2037 in
1916 1978 2201 2042 omnibus

445 2061 530 2122 illi
561 2059 827 2143 aequalis,
856 2060 988 2120 Col.
1020 2059 1058 2119 i.
1083 2071 1177 2121 15.
1205 2059 1386 2120 Joan.
1415 2080 1476 2120 x.
1506 2070 1608 2120 30.
1638 2059 1794 2120 Phil.
1825 2058 1886 2120 ii.
1916 2058 1975 2121 6.
2005 2059 2200 2124 Hebr.

444 2144 482 2204 i.
512 2154 574 2204 3.
614 2145 796 2206 Joan.
826 2141 947 2203 viii.
980 2152 1079 2203 23.
1124 2153 1185 2202 et
1224 2141 1307 2202 ix.
1335 2140 1437 2203 36.
1481 2141 1689 2202 Actor.
1719 2141 1842 2203 viii.
1871 2152 1973 2218 37.
2016 2142 2201 2206 Rom.

444 2227 525 2288 ix.
558 2238 616 2288 5.
700 2226 816 2287 Est
854 2235 1055 2286 autem
1096 2224 1146 2284 is
1174 2224 1366 2286 Filius
1395 2224 1538 2298 Dei,
1566 2246 1688 2285 non
1731 2234 1971 2287 tantum
2010 2227 2089 2288 ab
2126 2247 2201 2289 eo

442 2320 716 2392 tempore
765 2330 888 2390 quo
944 2317 1223 2369 naturam
1281 2319 1550 2369 nostram
1603 2308 1935 2370 humanam
1986 2308 2202 2385 induit,

442 2392 547 2454 sed
594 2394 670 2453 ab
709 2403 953 2464 oetern0,
993 2403 1063 2452 ut
1109 2390 1244 2452 haec
1285 2391 1637 2452 testimonia
1679 2390 1938 2453 invicem
1979 2393 2200 2456 collata

442 2497 552 2536 nos
582 2475 819 2536 docent.
909 2474 1118 2534 Moses
1148 2474 1231 2535 ait
1263 2474 1422 2536 Gen.
1452 2473 1491 2534 i.
1521 2473 1729 2535 Deum
1759 2496 1993 2536 creasse
2021 2496 2199 2538 mun-

442 2557 627 2619 dum:
690 2568 752 2618 at
809 2555 982 2616 divus
1037 2556 1352 2618 Johannes
1410 2578 1519 2639 per
1573 2556 1954 2633 Sermonem,
2009 2578 2194 2639 quem

441 2640 648 2702 Deum
674 2650 868 2712 vocat,
891 2639 1097 2700 omnia
1124 2638 1282 2700 sacta
1311 2638 1492 2700 fuisse
1521 2637 1687 2700 dicit.
1748 2638 1851 2701 Sic
1866 2641 2197 2723 Apostolus

443 2723 516 2784 ad
550 2723 844 2785 Hebraeos
875 2722 1081 2783 asserit
1111 2721 1318 2784 Deum
1349 2743 1458 2806 per
1484 2722 1711 2794 Filium
1740 2722 1960 2785 Jesum
1989 2722 2198 2787 Chris-

442 2816 574 2867 tum
619 2804 825 2900 omnia
866 2826 1113 2880 creasse,
1142 2805 1373 2866 Coloss.
1405 2805 1443 2867 i.
1479 2803 1574 2867 16.
1659 2805 1946 2887 Sequitur
1992 2806 2197 2889 itaque

440 2909 745 3034 affl&
765 2887 2196 3057 <152133⁰5..ss‘...⁸.5.‘¹¹¹.3;1.3³5..¹,‘'¹.¹1¹.1¹5;„⁰{.³?;.⁰:

439 3055 647 3116 omnia
683 3053 925 3116 condita
963 3054 1224 3116 fuerunt.
1312 3053 1549 3116 Idcirco
1579 3053 1858 3117 Micheas
1883 3077 1940 3117 ν.
1970 3069 2029 3118 2.
2054 3076 2198 3140 pro·

439 3138 628 3220 pheta
656 3137 876 3220 inquit,
896 3136 1121 3199 Exitus
1150 3137 1281 3221 ejus
1321 3138 1399 3199 ab
1427 3138 1622 3208 initio,
1651 3159 1692 3199 a
1721 3137 1929 3200 diebu-s
1953 3138 2195 3202 atensi-

441 3221 609 3282 tatis.
696 3220 877 3295 Item,
907 3219 1027 3282 Est
1067 3221 1291 3315 absque
1332 3222 1507 3283 initio
1557 3221 1814 3297 dierum,
1854 3229 1922 3297 et
1970 3221 2195 3306 absque

415 3302 564 3385 fine
590 3305 745 3365 υἱέας.
830 3302 947 3365 Est
983 3304 1167 3387 igitur
1195 3305 1296 3365 ille
1325 3327 1498 3367 verus
1527 3304 1721 3379 Deus,
1757 3316 2034 3380 aeternus,
2058 3323 2191 3366 om·

440 3387 499 3447 ni
548 3398 739 3460 otens,
768 3407 954 3470 quem
986 3386 1354 3463 invocamus,
1383 3388 1722 3463 adoramus,
1751 3399 1813 3450 et
1840 3386 2110 3450 colimus.

505 3409 638 3531 gu.
684 3469 1003 3532 Credimus
1075 3472 1258 3532 etiam
1330 3483 1392 3533 et
1461 3473 1823 3534 confitemur
1894 3466 2184 3551 Spiritum

439 3551 729 3613 Sanctum
763 3575 797 3614 a
827 3554 1001 3615 Patre
1029 3565 1092 3615 et
1122 3554 1279 3616 Filio
1307 3555 1384 3617 ab
1413 3566 1638 3617 aeterno
1664 3548 2003 3638 procedere.
2064 3547 2179 3610 In·

438 3653 557 3711 quc
599 3655 711 3695 nec
751 3635 1002 3710 factum,
1040 3659 1152 3699 nec
1190 3649 1481 3713 creatum,
1519 3658 1632 3699 nec
1666 3633 1939 3718 genitum
1980 3629 2185 3706 fuisse,
