2418 4172
0 447 11 640 ἰ

10 3638 52 3797 ³3:

12 3800 43 3853 ,9

679 318 1216 375 ΑΠΘΟΒΤΑΝΛ
1271 317 1523 373 MDXL.
1869 321 1973 379 1oe

225 460 366 529 teris
408 459 675 522 ecclesiae
726 483 909 536 more,
956 462 1166 524 missas
1216 461 1289 522 ad
1340 471 1635 543 quoestum
1694 463 1969 524 contule-

221 551 381 605 runt.

241 668 246 674 .
302 622 424 686 Sed
467 624 687 686 abusus
730 626 835 701 illi,
862 648 937 690 ex
981 648 1105 708 quo
1147 627 1315 687 fonte
1354 626 1467 686 orti
1509 625 1648 698 sint,
1675 623 1964 686 dicemus.

218 705 447 790 Opinio
472 718 567 768 est
593 729 797 791 sparsa
830 708 892 768 in
930 708 1265 781 ecclesiam,
1295 707 1457 788 quod
1503 728 1679 768 coena
1706 706 1961 767 Domini

217 787 297 851 sit
323 810 498 885 opus,
525 790 687 870 quod
726 789 1092 851 celebratum
1141 813 1175 851 a
1213 789 1518 851 sacerdote
1549 800 1847 850 mereatur
1875 813 1965 850 re-

218 870 568 933 missionem
614 884 1019 955 peccatorum,
1047 873 1241 955 culpae
1278 884 1340 933 et
1377 894 1595 954 poenae,
1624 872 1864 936 facienti
1901 884 1963 932 ct

215 953 367 1031 aliis,
391 953 577 1036 idque
616 976 692 1015 ex
730 977 911 1038 opere
945 967 1211 1039 operato,
1241 956 1369 1016 sine
1398 956 1558 1016 bono
1587 966 1754 1015 motu
1791 966 1963 1015 uten-

213 1035 311 1099 tis.
395 1037 562 1099 Item
599 1037 761 1118 quod
805 1038 1171 1122 applicatum
1218 1060 1326 1131 pro
1373 1038 1642 1112 mortuis,
1671 1037 1749 1098 sit
1790 1038 1962 1099 satis-

213 1117 553 1194 factorium,
582 1119 699 1181 hoc
726 1133 836 1195 est,
863 1133 1161 1182 mereatur
1188 1142 1273 1181 eis
1302 1120 1715 1182 remissionem
1748 1142 1960 1203 poena-

212 1223 350 1264 rum
372 1203 718 1287 purgatorii.
792 1202 894 1264 Sic
917 1204 1386 1287 interpretantur
1414 1203 1797 1277 sacrificium,
1818 1226 1955 1264 cum

214 1284 461 1347 missam
492 1298 710 1347 vocant
737 1286 1116 1360 sacrificium,
1144 1308 1296 1369 opus
1326 1285 1621 1359 videlicet,
1651 1285 1814 1367 quod
1856 1309 1961 1368 ap·

212 1365 501 1451 plicatum
533 1390 644 1452 pro
672 1368 821 1442 aliis,
844 1381 1106 1430 meretur
1132 1369 1217 1430 eis
1247 1369 1657 1429 remissionem
1684 1369 1876 1451 culpae
1899 1381 1961 1429 et

213 1471 552 1535 poenarum,
580 1450 762 1532 idque
801 1472 876 1511 ex
919 1473 1100 1534 opere
1136 1462 1382 1534 operato
1419 1451 1548 1511 sine
1591 1452 1751 1511 bono
1790 1462 1959 1512 motu

215 1532 460 1594 utentis.
542 1532 646 1593 Sic
689 1533 1152 1615 interpretantur
1192 1534 1559 1594 oblationem
1591 1555 1624 1593 a
1654 1532 1960 1594 sacerdote

213 1614 340 1675 ficri
386 1615 450 1675 in
500 1614 681 1675 missa
722 1636 833 1697 pro
874 1615 1044 1687 vivis,
1074 1626 1135 1675 et
1177 1615 1448 1675 mortuis.
1536 1615 1676 1675 Hac
1718 1637 1961 1696 persua-

211 1694 380 1756 sione
420 1708 679 1779 oecepta,
696 1695 829 1775 jam
876 1696 1152 1757 homines
1194 1696 1533 1757 docuerunt
1570 1716 1833 1776 quaerere
1871 1718 1960 1757 re-

211 1776 561 1839 missionem
626 1789 1012 1863 peccatorum
1079 1790 1141 1839 et
1204 1778 1402 1839 omnis
1466 1778 1700 1860 generis
1762 1779 1958 1848 bona;

210 1858 379 1935 item,
421 1860 671 1921 liberare
720 1883 755 1921 a
809 1860 1008 1943 poenis
1058 1872 1346 1932 mortuos,
1390 1861 1685 1922 beneficio
1745 1861 1959 1922 missae.

207 1939 359 2004 Nec·
387 1942 681 2004 referebat
722 1966 757 2004 a
799 1943 1079 2024 qualibus
1114 1945 1328 2004 fierent
1364 1945 1580 2018 missae,
1608 1943 1750 2025 quia
1778 1942 1959 2005 doce-

211 2025 360 2086 bant
413 2047 513 2086 eas
567 2024 848 2108 prodesse
905 2026 1053 2100 aliis,
1094 2026 1224 2086 sine
1279 2027 1441 2086 bono
1493 2037 1665 2087 motu
1713 2027 1956 2087 utentiS.

210 2106 451 2168 Deinde
478 2108 873 2188 quoerebatur,
903 2119 1129 2182 utrum,
1154 2130 1275 2169 una
1302 2109 1486 2169 missa
1513 2108 1675 2169 dict'a
1694 2131 1805 2191 pro
1826 2110 1961 2191 plu-

208 2189 374 2251 ribus
402 2189 757 2252 tantundem
788 2190 995 2272 prosit,
1017 2202 1310 2270 quantum
1343 2191 1594 2273 singuloe
1621 2213 1730 2273 pro
1753 2191 1951 2274 singu·

209 2270 302 2333 lis.
387 2272 544 2334 Haec
598 2272 927 2354 disputatio
982 2284 1045 2333 et
1110 2295 1435 2334 numerum
1501 2274 1841 2348 missarum,
1896 2286 1958 2334 et

207 2366 507 2436 quaestum
551 2355 613 2415 in
657 2355 964 2415 infinitum
1008 2356 1194 2416 auxit.
1280 2356 1398 2416 Sed
1434 2377 1543 2416 nos
1562 2355 1692 2435 jam
1726 2378 1845 2416 non
1881 2356 1958 2417 de

207 2447 440 2518 quaestu
496 2436 894 2520 disputamus,
936 2437 1309 2520 impietatem
1369 2459 1742 2499 accusamus.
1826 2438 1959 2499 Do-

206 2531 348 2581 cent
385 2519 548 2581 enim
593 2520 800 2594 nostri,
830 2520 988 2581 hanc
1026 2521 1373 2603 opinionem
1407 2521 1484 2581 de
1520 2520 1736 2581 merito
1763 2531 1825 2580 et
1854 2543 1958 2603 ap-

206 2601 528 2743 plicatione
570 2602 768 2678 missae
809 2602 1019 2663 falsam
1065 2615 1127 2664 et
1168 2603 1421 2686 impiam
1464 2626 1611 2664 esse.
1700 2603 1828 2664 Hic
1865 2614 1957 2664 est

251 2683 389 2763 ujus
417 2685 830 2747 controversioe
864 2697 1073 2747 status.
1159 2686 1253 2748 Ac
1294 2687 1469 2747 facile
1511 2699 1603 2746 est
1643 2685 1758 2768 piis
1791 2685 1957 2764 judi-

208 2764 372 2827 cium
402 2765 479 2827 de
507 2766 622 2829 bac
649 2790 848 2843 causa,
877 2769 927 2829 si
955 2769 1090 2850 quis
1113 2769 1420 2853 expendat
1447 2779 1800 2850 argumenta
1821 2789 1955 2848 quae

316 2859 559 2910 uuntur.

209 2868 583 2993 minum.
667 2933 863 3017 Supra
911 2935 1284 2996 ostendimus
1333 2934 1617 3014 consequi
1677 2933 1954 2993 homines

206 3012 618 3076 remissionem
661 3029 1044 3099 peccatorum
1090 3019 1272 3100 gratis
1315 3017 1454 3091 fide,
1485 3016 1545 3077 id
1589 3027 1699 3088 est,
1734 3015 1957 3077 fiducia

208 3094 627 3158 misericordiae
667 3091 911 3182 propter
950 3100 1284 3162 Christum.
1369 3100 1534 3181 Ergo
1581 3097 1955 3180 impossibile

205 3188 300 3238 est
341 3179 625 3260 consequi
665 3182 1077 3243 remissionem
1119 3194 1503 3265 peccatorum
1540 3192 1785 3263 propter
1812 3180 1954 3240 alie-

205 3282 354 3321 num
398 3282 571 3343 opus,
598 3273 661 3322 et
747 3262 946 3324 uidem
991 3265 1121 3325 sine
1165 3266 1326 3325 bono
1370 3275 1560 3336 motu,
1590 3262 1650 3322 id
1687 3273 1795 3337 est,
1825 3262 1954 3323 sine

204 3341 329 3403 fide
375 3344 633 3427 propria.
702 3285 876 3406 ‹haec
925 3349 1076 3406 ratio
1122 3346 1263 3406 satis
1310 3346 1467 3406 clare
1516 3344 1735 3405 refutat
1784 3344 1952 3405 illam

203 3423 607 3519 prodigiosam
648 3437 710 3487 et
748 3427 1000 3510 impiam
1037 3428 1385 3510 opinionem
1415 3426 1491 3487 de
1523 3427 1736 3487 merito
1762 3437 1827 3488 et
1852 3450 1960 3511 ap·

204 3507 531 3589 plicatione
559 3508 773 3571 missae.

212 3635 220 3644 ·
290 3588 656 3653 Secundum.
744 3592 947 3654 Passio
988 3592 1215 3653 Christi
1258 3593 1374 3654 fuit
1414 3592 1643 3654 oblatio
1684 3604 1746 3653 et
1787 3591 1957 3655 satis-

342 3716 347 3718 -
1075 3695 1116 3735 o

1647 3771 1680 3785 l
