2418 4172
449 357 522 413 90
1082 356 1572 411 CONFESSIO

449 508 541 560 est
572 496 993 573 moderandus,
1023 499 1127 560 ubi
1174 499 1224 559 is
1267 510 1358 561 est
1402 499 1463 560 in
1511 521 1641 561 usu.
1725 499 1978 572 Cantus,
2017 519 2203 580 quem

451 580 894 663 Gregorianum
946 593 1323 665 nuncupant,
1367 582 1626 665 plurima
1678 581 1862 643 babet
1912 580 2203 645 absurda:

450 662 610 726 unde
639 663 892 745 rejectus
922 676 1013 726 est
1043 666 1259 726 merito
1288 688 1321 726 a
1353 666 1569 726 nostris
1600 677 1661 726 et
1701 664 1973 747 pluribus
2013 664 2206 726 eecle-

450 745 571 807 siis.
644 746 706 807 Si
739 747 1006 808 ecclesiae
1036 759 1195 822 suut,
1225 770 1359 829 quae
1398 749 1733 809 orationem
1776 745 2017 807 fidelem
2058 745 2207 829 legi-

450 829 790 910 timamque
843 829 1089 904 babent,
1131 844 1376 892 cantum
1430 843 1630 893 autem
1676 829 1910 891 nullum
1959 828 2207 904 babent,

450 910 835 974 condemnari
867 935 986 973 non
1028 912 1269 975 debent.
1341 912 1486 974 Non
1530 914 1692 975 enim
1738 911 1991 975 canendi
2034 932 2206 974 eom·

453 994 806 1056 moditatem
838 1018 1048 1057 omnes
1081 997 1308 1057 habent
1335 997 1620 1058 ecclesioe.
1703 998 1798 1058 Ae
1836 1007 2069 1058 certum
2112 1005 2208 1057 est

450 1099 529 1139 ex
558 1078 918 1139 testimoniis
947 1078 1280 1151 vetustatis,
1310 1091 1379 1139 ut
1416 1092 1630 1140 cantus
1671 1100 1847 1141 usum
1891 1077 2078 1140 fuisse
2105 1098 2209 1140 ve-

450 1160 850 1222 tustissimum
881 1160 943 1221 in
974 1161 1365 1222 orientalibus
1392 1161 1680 1235 ecclesiis,
1701 1161 1786 1223 ita
1806 1183 1940 1223 sero
1957 1159 2206 1224 tandem

451 1255 762 1326 receptum
792 1264 920 1303 esse
949 1244 1026 1304 ab
1054 1242 1552 1304 occidentalibus.
2077 1300 2081 1301 ff

537 1326 735 1386 Horas
776 1326 1115 1400 canonicas,
1143 1325 1204 1386 id
1249 1336 1360 1398 est,
1398 1347 1604 1407 preces
1648 1324 1725 1387 ad
1767 1334 1961 1388 certas
2001 1324 2066 1387 in
2104 1324 2209 1388 die

452 1406 628 1468 horas
658 1408 1047 1491 compositas,
1069 1419 1134 1469 et
1160 1430 1196 1469 a
1218 1408 1471 1492 papistis
1494 1419 1763 1470 cantatas
1786 1418 1891 1470 aut
1910 1407 2209 1484 recitato,

451 1490 705 1552 nescivit
745 1502 1043 1553 vetustas:
1088 1490 1252 1573 quod
1296 1513 1373 1553 ex
1415 1491 1560 1575 ipsis
1605 1491 1888 1553 horarum
1933 1491 2209 1553 lectioni·

450 1574 563 1635 bus
592 1585 653 1635 et
686 1574 1057 1656 argumentis
1086 1574 1359 1657 pluribus
1388 1574 1786 1636 demonstrari
1817 1585 2036 1670 potest.
2085 1573 2206 1636 Sed

450 1667 513 1717 et
541 1657 798 1718 absurda
826 1680 948 1718 non
978 1679 1171 1740 pauca
1200 1657 1444 1732 habent,
1474 1669 1542 1718 ut
1585 1658 1739 1719 nibil
1780 1657 1981 1719 dicam
2025 1656 2208 1733 aliud,

495 1738 705 1800 roinde
749 1741 1114 1802 omittuntur
1154 1751 1317 1802 recte
1359 1741 1437 1802 ab
1478 1740 1746 1802 ecclesiis
1790 1740 2209 1802 substituenti-

496 1843 565 1883 us
595 1822 660 1883 in
690 1823 889 1885 locum
921 1824 1187 1907 ipsarum
1216 1845 1309 1885 res
1332 1824 1618 1885 salutares
1640 1823 1907 1885 ecclesiae
1929 1822 2050 1886 Dei
2072 1823 2209 1886 uni·

453 1927 656 1968 versoe.

1020 2068 1635 2111 ..ᾡ-

622 2227 730 2287 De
758 2225 977 2302 Feriis,
1002 2225 1295 2310 Jejuniis,
1331 2226 1738 2310 Ciborumque
1757 2175 2045 2290 Deleda.

1210 2413 1453 2476 XXIV.

457 2544 999 2641 QUANQUAM
1038 2558 1247 2641 religio
1286 2557 1547 2641 tempori
1592 2579 1714 2619 non
1758 2557 2059 2642 alligetur,
2083 2579 2208 2622 non

455 2654 656 2724 potest
682 2654 885 2704 tamen
918 2643 1147 2723 absque
1163 2641 1333 2722 justa
1370 2641 1659 2724 temporis
1695 2640 2086 2705 distinetione
2111 2642 2207 2704 vel

455 2725 832 2787 ordinatione
860 2725 1117 2809 plantari
1146 2737 1208 2786 et
1235 2724 1515 2787 exerceri.
1600 2722 1838 2808 Deligit
1864 2746 2009 2808 ergo
2043 2745 2208 2821 quo-

457 2807 544 2869 vis
572 2808 824 2870 ecclesia
851 2808 964 2870 sibi
996 2820 1236 2891 tempus
1275 2819 1505 2870 eertum
1547 2806 1622 2868 ad
1667 2829 1871 2891 pneees
1914 2808 2210 2893 publius,

456 2901 519 2953 et
546 2891 837 2974 evangelii
867 2890 1376 2975 praedicationem,
1404 2913 1515 2952 nec
1544 2912 1667 2952 non
1696 2902 2206 2955 sacramentorum

457 2974 942 3037 celebrationem.
1014 2973 1160 3036 Non
1190 2972 1332 3036 licet
1360 2987 1560 3036 autem
1593 2974 1785 3036 cuivis
1822 2997 1935 3058 pro
1970 2996 2084 3038 suo
2119 2997 2211 3037 ar·

459 3058 640 3120 bitrio
683 3059 948 3122 ecelesiae
989 3056 1428 3120 ordinationem
1475 3058 1633 3119 hanc
1674 3057 2032 3120 convellere.
2113 3058 2210 3123 Ac

459 3141 572 3203 nisi
601 3141 793 3205 otium
814 3142 1051 3224 justum
1083 3140 1448 3203 concedatur
1474 3140 1781 3224 religionis
1809 3153 2073 3205 externae
2103 3161 2213 3206 ex-

459 3224 687 3299 ercitio,
715 3225 1146 3289 abstrabuntur
1173 3235 1335 3287 certe
1363 3225 1442 3287 ab
1469 3246 1543 3286 eo
1570 3224 1830 3307 negotiis
1859 3225 1983 3288 suis
2013 3223 2209 3288 bomi-

461 3329 585 3369 nes.
632 3307 815 3371 Unde
843 3307 1119 3372 videmus
1147 3307 1211 3371 in
1239 3307 1506 3371 ecelesiis
1526 3307 1796 3385 vetustis,
1814 3308 1938 3371 non
1965 3317 2205 3371 tantum

460 3403 651 3453 certas
679 3391 863 3454 fuisse
892 3388 1067 3455 horas
1095 3391 1160 3454 in
1189 3390 1529 3476 septimana
1548 3390 1907 3455 constituta
1924 3388 2207 3465 ooefibug

461 3472 565 3533 sed
605 3474 797 3557 ipsam
836 3475 998 3538 diem
1038 3474 1435 3538 Dominieam
1482 3475 1560 3537 ab
1605 3473 1752 3569 ipsis
1796 3470 2203 3557 apostolorum

462 3563 583 3616 tem
672 3556 836 3619 ribus
864 3557 1076 3621 iisdem
1106 3579 1398 3641 sacroque
1416 3558 1546 3620 otio
1565 3557 1750 3620 fumo
1766 3567 2206 3619 unumst-ma

462 3657 544 3719 qu
654 3638 836 3701 etiam
870 3655 1033 3704 nunc
1061 3652 1222 3704 recte
1244 3652 1488 3724 propter
1506 3639 1741 3704 cultum
1762 3649 1824 3701 et
1846 3636 2203 3702 charitatem
