2418 4172
488 352 562 419 a
1098 349 1587 405 CONFESSIO

486 495 599 556 bus
617 492 931 577 symbolis,
947 492 1249 554 credimus
1265 492 1447 554 corde
1464 493 1716 567 sincero,
1732 503 1795 554 et
1811 515 1913 554 one
1932 493 2123 554 libero
2142 485 2235 553 ina*

484 598 682 661 genue
710 576 1083 659 profitemur,
1110 575 1580 638 condemnantes
1620 576 1827 636 omnia
1868 576 1961 636 his
1998 586 2237 637 contra·-

482 659 587 722 ria.
672 661 877 741 Atque
915 659 988 720 ad
1030 660 1191 721 hunc
1231 659 1480 720 modum
1524 659 1848 720 retinemus
1886 657 2231 719 inviolatam

482 743 607 805 sive
637 741 928 824 integram
961 741 1141 803 fidem
1166 742 1594 817 Christianam,
1621 741 2021 803 orthodoxam
2052 750 2237 821 atque

483 825 878 888 catholicam:
924 826 1179 886 scientes
1208 825 1498 908 symbolis
1529 825 1829 907 praedictis
1866 822 2014 884 nihil
2044 821 2239 884 conti-

483 907 633 982 neri,
674 907 837 990 quod
878 930 998 968 non
1039 908 1117 969 sit
1159 907 1466 968 conforme
1505 910 1687 968 verbo
1717 907 1858 982 Dei,
1893 918 1954 967 et
1995 925 2237 990 prorsus

482 990 663 1053 faciat
692 990 766 1051 ad
797 991 1085 1052 sinceram
1118 990 1255 1051 fidei
1288 990 1774 1072 explicationem.

1059 1168 1661 1211 ...ᾡ-

1124 1321 1227 1382 De
1254 1321 1427 1404 Lege
1456 1321 1602 1383 Dei.

1280 1502 1433 1564 XII.

486 1632 944 1711 DOCEMUS
994 1645 1127 1727 lege
1175 1644 1296 1705 Dei
1355 1643 1578 1726 exponi
1638 1643 1812 1704 nobis
1861 1643 2236 1705 voluntatem

484 1730 626 1801 Dei,
656 1729 804 1811 quid
842 1751 878 1790 a
912 1728 1085 1790 nobis
1124 1727 1249 1787 fieri
1280 1726 1424 1787 velit
1465 1739 1570 1787 aut
1609 1727 1778 1801 nolit,
1820 1726 1966 1808 quid
2008 1726 2237 1788 bonum

484 1824 548 1875 et
575 1811 835 1892 justum,
867 1811 1088 1894 quidve
1125 1810 1352 1871 malum
1395 1810 1473 1870 sit
1502 1821 1562 1870 et
1602 1810 1915 1891 injustum.
1997 1809 2236 1871 Bonam

486 1895 671 1979 igitur
707 1907 769 1957 et
807 1908 1074 1956 sanctam
1118 1894 1481 1955 confitemur
1508 1915 1638 1954 esse
1666 1894 1882 1976 legem.
1966 1892 2053 1954 Et
2083 1892 2242 1954 hanc

485 1977 731 2060 quidem
764 1978 907 2039 alias
935 1977 1126 2059 digito
1151 1975 1269 2036 Dei
1295 1976 1643 2059 inscriptam
1674 1998 1804 2036 esse
1834 1976 1893 2037 in
1922 1975 2105 2037 corda
2134 1976 2243 2037 ho-

487 2060 744 2134 minum,
759 2061 1077 2141 vocarique
1105 2059 1299 2140 legem
1331 2071 1596 2129 naturae;
1640 2058 1785 2119 alias
1814 2070 2020 2120 autem
2049 2057 2110 2120 di
2157 2058 2244 2120 'to

486 2144 849 2227 insculptam
884 2165 1032 2216 esse,
1062 2143 1124 2203 in
1165 2142 1400 2203 tabulas
1431 2141 1625 2202 Mosis
1660 2140 1952 2224 geminas,
1978 2152 2043 2203 et
2074 2141 2116 2203 li
2162 2141 2243 2204 ris

488 2226 683 2288 Mosis
705 2227 1003 2321 copiosius
1026 2226 1382 2308 expositam.
1426 2224 1879 2306 Distinguimus
1900 2224 2091 2300 illam,
2216 2261 2249 2276 -

486 2332 514 2372 s
563 2309 822 2371 icuitatts
856 2308 1065 2392 gratia,
1095 2310 1155 2369 in
1198 2307 1507 2382 moralem,
1537 2330 1673 2388 quae
1710 2245 2247 2391 comprehenfflr

486 2332 798 2475 lgecalogo
825 2393 919 2453 vel
949 2390 1206 2475 geminis
1233 2390 1476 2464 tabulis,
1502 2403 1565 2450 et
1592 2412 1701 2472 per
1718 2390 1913 2451 Mosis
1935 2390 2119 2451 libros
2137 2411 2246 2452 ex-

488 2475 736 2617 polsitis3
781 2473 1348 2618 chferemonialem
1386 2471 1828 2616 {timfflg-aefie
1864 2472 2243 2535 caeremoniis

487 2579 564 2619 cu
590 2570 653 2618 tu
703 2577 777 2619 ue
871 2579 925 2617 ei
963 2569 1245 2618 constitui
1292 2582 1309 2627 ς
1354 2577 1387 2616 e
1454 2577 1516 2616 in
1576 2577 1612 2616 u
1662 2577 1774 2617 ncta
1795 2577 1893 2616 em
1990 2577 2084 2618 uae
2113 2577 2247 2618 ver-

489 2579 839 2702 saturqcirca
868 2638 1111 2723 politica
1142 2653 1201 2700 at
1251 2662 1324 2700 ue
1350 2577 1747 2700 oeconc'imica.
1897 2601 1917 2630 '
1944 2577 1987 2638 q
2221 2710 2229 2717 ἡ

572 2722 891 2784 Credimus
928 2723 1040 2783 hac
1069 2722 1189 2788 Dei
1205 2661 1361 2803 tiege
1399 2743 1646 2782 omnem
1686 2721 1806 2783 Dei
1844 2721 2245 2797 voluntatem,

489 2816 551 2867 et
584 2805 791 2867 omnia
828 2818 1127 2888 praecepta
1166 2804 1496 2867 necessaria
1536 2803 1610 2865 ad
1651 2826 1900 2866 omnem
1927 2805 2069 2867 vitae
2102 2826 2248 2900 par-

489 2900 634 2963 tem,
663 2888 1010 2982 plenissime
1052 2889 1224 2949 tradi.
1309 2887 1555 2969 Alioqui
1591 2889 1752 2949 enim
1796 2910 1915 2949 non
1955 2899 2245 2950 vetuisset

490 2971 816 3044 Dominus,
851 2970 994 3033 huic
1037 2971 1155 3053 legi
1199 2971 1373 3045 nihil,
1406 2970 1501 3032 vel
1539 2969 1696 3044 addi,
1723 2972 1816 3032 vel
1856 2970 2076 3032 adimi:
2119 2992 2243 3032 non

491 3054 871 3136 praecepisset
901 3066 1062 3116 recta
1099 3053 1174 3116 ad
1207 3054 1362 3116 hanc
1391 3052 1608 3128 incedi,
1637 3075 1835 3136 neque
1875 3051 1935 3115 in
1965 3052 2244 3116 dextram

492 3138 581 3199 vel
613 3137 913 3199 sinistram
944 3136 1179 3199 deflexo
1208 3137 1417 3198 itinere
1446 3136 1761 3198 declinare.

573 3220 885 3283 Docemus
917 3221 1110 3304 legem
1155 3219 1311 3283 hanc
1333 3242 1455 3282 non
1484 3219 1688 3281 datam
1718 3242 1847 3280 esse
1878 3219 2246 3292 hominibus,

495 3315 561 3396 ut
589 3303 716 3397 ejus
729 3303 1146 3398 justificentur
1173 3303 1614 3365 observatione:
1658 3302 1762 3364 sed
1795 3315 1863 3365 ut
1889 3308 1967 3365 ex
1994 3302 2126 3383 ejus
2155 3301 2248 3364 in-

493 3384 670 3458 dicio,
727 3388 1139 3449 infirmitatem
1197 3386 1418 3470 potius,
1473 3400 1812 3482 peccatum,
1867 3397 2050 3469 atque
2100 3405 2246 3446 con·

491 3466 938 3531 demnationem
979 3492 1397 3553 agnoscamus,
1418 3481 1481 3531 et
1517 3468 1595 3532 de
1624 3470 1848 3531 viribus
1888 3466 2105 3530 nostris
2141 3466 2248 3528 de-
2352 3462 2359 3469 ’

494 3562 798 3632 sperantes
832 3565 1251 3614 convertamur
1278 3553 1353 3614 ad
1382 3552 1696 3615 Christum
1727 3552 1787 3613 in
1818 3548 1956 3612 fide.
2019 3549 2250 3633 Aperte

494 3631 656 3695 enim
708 3634 1032 3716 apostolus,
1075 3635 1215 3697 Lea·
1256 3636 1435 3712 iram,
1477 3634 1578 3711 ait,
1618 3640 1924 3716 operatur.
2013 3631 2099 3695 Et
2130 3653 2251 3716 per
