2418 4172
875 391 1294 448 BELGICA.
1861 395 1971 454 889

205 530 406 593 titiam
435 553 608 595 suam
639 533 703 594 in
732 534 975 618 proprio
1003 535 1160 597 Filio
1189 534 1405 597 nostris
1434 535 1693 617 peccatis
1722 547 1959 612 onusto,

200 614 486 690 ostendit,
529 628 591 677 et
631 617 903 680 exeruit:
963 619 1293 682 bonitatem
1338 638 1479 678 vero
1519 626 1582 677 et
1624 616 1959 680 misericor-

201 693 366 758 diam
411 720 582 761 suam
628 699 688 759 in
733 722 843 760 nos
888 713 1170 762 nocentes
1200 712 1261 761 et
1290 698 1790 760 condemnatione
1826 700 1956 781 dig-

200 799 333 854 nos,
362 781 624 864 benigne
664 781 873 843 effudit
914 797 976 842 et
1016 780 1270 853 exeruit,
1306 781 1455 841 dum
1501 779 1726 841 Filium
1772 803 1948 842 suum

200 862 381 924 morti
407 874 655 948 propter
680 862 932 923 offensas
961 874 1191 924 nostras
1221 884 1330 945 pro
1358 864 1659 924 immenso
1682 886 1791 924 suo
1813 886 1953 947 erga

198 964 311 1005 nos
350 965 556 1013 amore
590 942 855 1016 tradidit,
883 957 945 1006 et
979 967 1120 1006 eum
1151 968 1353 1006 rursus
1395 956 1638 1028 propter
1655 945 1951 1026 justifica-

194 1025 424 1088 tionem
454 1037 719 1088 nostram
750 1050 785 1088 e
813 1026 1067 1089 mortuis
1096 1029 1399 1105 excitavit,
1429 1039 1497 1089 ut
1532 1029 1950 1091 immortalita-

194 1118 320 1171 tem
349 1121 414 1172 et
439 1110 624 1171 vitam
655 1120 938 1172 oeternam
971 1133 1079 1195 per
1107 1111 1279 1173 illum
1309 1133 1831 1192 consequeremur.

277 1190 462 1255 XXI.
490 1193 807 1254 Credimus
834 1195 1047 1255 Jesum
1077 1194 1390 1255 Christum
1432 1217 1742 1255 summum
1772 1196 1944 1256 illum

194 1270 581 1337 Sacerdotem
622 1298 769 1350 esse,
797 1277 861 1336 in
889 1288 1177 1338 aeternum
1211 1300 1351 1338 cum
1373 1277 1764 1357 jurejurando
1801 1300 1948 1340 con-

195 1356 498 1432 stitutum,
555 1358 885 1420 secundum
946 1360 1217 1420 ordinem
1278 1360 1732 1422 Melchisedech
1764 1385 1780 1422 ε
1836 1361 1943 1442 qui

194 1458 325 1502 sese
359 1451 565 1503 nostro
607 1443 871 1517 nomine,
900 1465 1101 1504 coram
1133 1444 1307 1504 Patre
1335 1443 1407 1503 ad
1446 1443 1830 1526 placandum⁴
1851 1445 1944 1526 ip-

193 1521 320 1584 sius
343 1523 493 1585 iram
525 1546 667 1586 cum
741 1526 875 1585 lena
904 1524 1308 1587 satisfactione
1335 1526 1575 1599 obtulit,
1604 1527 1818 1587 sistens
1853 1549 1946 1587 se-

193 1603 392 1687 ipsum
438 1627 620 1689 super
660 1629 693 1668 a
719 1619 844 1668 tare
886 1609 1118 1668 crucis:
1161 1621 1222 1668 et
1264 1609 1615 1689 sanguinem
1654 1630 1831 1669 suum
1866 1608 1942 1668 ad

189 1688 609 1780 purgationem
650 1701 1035 1771 peecatorum
1073 1702 1412 1750 nostrorum
1444 1690 1733 1772 profudit,
1760 1691 1938 1751 sicuti

189 1767 251 1829 id
278 1770 591 1853 prophetae
618 1771 889 1834 futurum
929 1771 1345 1853 praedixerant.
1430 1772 1557 1832 Scri
1607 1783 1739 1833 tum
1775 1773 1939 1832 enim

187 1860 299 1925 eut,
343 1850 825 1936 Castigationem
852 1854 1031 1934 pacis
1066 1862 1285 1915 nostroe
1325 1874 1511 1935 super
1602 1854 1790 1916 ulium.
1807 1856 1942 1929 Dei

178 1934 464 2016 positam,
494 1945 558 1998 et
598 1936 784 1998 livore
825 1959 957 2019 qus
996 1959 1103 1998 nos
1142 1945 1390 1998 sanatos
1425 1958 1567 1999 esse.
1653 1938 1812 1999 Item
1846 1938 1939 2021 ip-

187 2037 323 2078 mm
355 2029 646 2099 tanquam
676 2039 849 2079 ovem
882 2019 957 2079 ad
986 2020 1417 2080 mactationem
1449 2020 1726 2094 ductum,
1755 2032 1941 2102 atque

188 2098 347 2162 inter
387 2112 728 2183 peccatores
770 2113 832 2161 et
874 2100 1112 2182 iniquos
1153 2102 1532 2184 deputatum,
1573 2103 1941 2165 condemna-

187 2191 443 2264 tumque
471 2204 506 2243 a
536 2183 755 2245 Pontio
782 2183 975 2244 Pilato
1003 2195 1291 2265 tanquam
1325 2185 1691 2258 maleficum,
1720 2186 1831 2247 etsi
1866 2187 1938 2246 il-

189 2265 315 2327 lum
360 2265 523 2348 prius
566 2267 951 2327 innocentem
1002 2266 1465 2350 pronuntiasset.
1552 2269 1705 2336 Quae
1754 2269 1938 2350 igitur

187 2369 309 2409 non
339 2359 615 2431 rapuerat
643 2349 946 2443 persolvit,
973 2360 1036 2410 et
1052 2349 1257 2430 justus
1283 2371 1395 2432 pro
1425 2350 1661 2431 injustis
1698 2361 1831 2411 tum
1872 2351 1935 2412 in

185 2451 453 2514 corpore,
484 2442 612 2492 tum
643 2452 705 2491 in
736 2432 938 2493 anima
966 2454 1074 2493 sua
1101 2454 1311 2515 passus
1343 2444 1468 2493 est:
1517 2434 1602 2494 ita
1631 2444 1699 2494 ut
1730 2433 1937 2494 horro-

186 2533 315 2574 rem
370 2513 630 2608 peccatis
680 2515 899 2575 nostris
947 2514 1223 2576 debitum
1274 2515 1555 2590 sentiens,
1598 2537 1816 2596 aquam
1874 2529 1937 2578 et

183 2616 540 2678 sanguinem
571 2596 907 2658 sudaverit:
950 2609 1013 2658 et
1054 2598 1299 2658 tandem
1344 2598 1526 2658 etiam
1566 2600 1935 2674 exclamarit,

186 2676 364 2739 Deus
386 2699 574 2754 meus,
602 2680 779 2741 Deus
805 2702 989 2755 meus,
1011 2702 1122 2742 cur
1141 2702 1237 2742 me
1258 2681 1580 2742 deseruisti
1601 2683 1638 2741 ‚9
1679 2681 1771 2741 Ea
1793 2705 1934 2743 vero

184 2760 389 2821 omnia
415 2782 526 2843 pro
551 2762 900 2823 remissione
929 2775 1311 2846 peccatorum
1348 2775 1690 2825 nostrorum
1731 2776 1933 2846 pertu-

186 2841 274 2902 lit.
358 2843 771 2911 Quamobrem
815 2846 1031 2906 merito
1073 2868 1213 2908 cum
1253 2846 1395 2907 divo
1428 2847 1615 2907 Paulo
1652 2846 1931 2920 dicimus,

186 2945 295 2984 nos
321 2923 483 2985 nihil
596 2927 824 3009 ’equam
851 2929 1027 3002 seire,
1045 2930 1168 2990 nisi
1185 2930 1402 2991 Jesum
1432 2929 1744 2989 Christum
1767 2951 1932 2990 eum-

183 3009 485 3090 quea-uei
686 3033 707 3070 .·
732 3010 1061 3091 quinetiam
1084 3013 1290 3073 omnia
1312 3034 1420 3095 pro
1443 3012 1799 3072 stercoribus
1820 3012 1931 3073 du-

183 3090 376 3150 cimus
406 3103 646 3174 propter
675 3093 1090 3155 excellentiam
1132 3095 1491 3177 cognitionis
1519 3094 1670 3155 Jesu
1701 3094 1927 3156 Christi

183 3171 439 3234 Domini
484 3174 691 3249 nostri,
719 3186 788 3235 ut
824 3177 927 3256 qui
971 3176 1033 3237 in
1070 3177 1200 3257 ejus
1229 3177 1574 3238 vulneribus
1604 3176 1801 3237 omnis
1827 3198 1930 3258 ge-

183 3256 339 3315 neris
370 3256 838 3318 consolationem
870 3259 1328 3342 comperiamus.
1401 3261 1627 3340 ⁴Itaque
1658 3258 1806 3320 nihil
1838 3271 1931 3321 est

181 3359 425 3399 necesse
469 3350 534 3399 ut
573 3339 717 3399 alias
758 3340 905 3400 ullas
947 3342 1203 3401 rationes
1236 3342 1331 3401 vel
1361 3355 1660 3424 optemus,
1690 3343 1780 3402 vel
1814 3341 1926 3426 ipsi

179 3421 615 3504 excogitemus,
638 3422 856 3503 quibus
878 3422 1018 3483 Deo
1045 3423 1410 3485 reconciliari
1517 3425 1753 3498 ssimus,
1773 3447 1926 3509 prae-

180 3514 273 3564 ter
300 3503 458 3565 hanc
487 3505 677 3565 solam
706 3515 766 3566 et
795 3506 979 3566 semel
1014 3518 1315 3600 peractam
1356 3508 1436 3567 ob
1461 3508 1722 3568 ationem
1746 3530 1763 3568 t
1806 3529 1927 3590 qua

181 3587 506 3648 consecrati
539 3600 679 3648 sunt
707 3599 768 3648 et
795 3589 1040 3671 perfecti
1072 3589 1132 3649 in
1162 3602 1521 3672 perpetuum
1554 3589 1757 3651 fideles
1795 3611 1927 3653 om-

182 3688 287 3728 nes
335 3670 439 3750 qui
489 3671 953 3733 sanctificantur.
1038 3673 1241 3754 Atque
1286 3673 1414 3735 haec
1459 3694 1637 3747 causa
1678 3685 1771 3734 est
1818 3693 1924 3735 cur
2015 3686 2023 3689 “

1024 3775 1060 3814 Ζ
1093 3769 1128 3815 2
1651 3770 1684 3784 '
