2418 4172
483 383 595 437 808
1114 379 1605 437 CONPESSIO

491 523 788 598 homines,
815 524 919 605 qui
958 544 1033 584 ex
1071 524 1184 585 hac
1209 524 1333 586 vita
1360 524 1780 597 disuaserunt,
1806 533 1869 585 et
1909 525 2137 608 petitur
2162 525 2242 587 ab

488 608 575 669 eis
622 607 715 668 vel
769 606 1081 681 auxilium,
1131 608 1224 667 vel
1274 606 1638 668 intercessio.
1721 605 1887 667 Talis
1942 607 2243 671 invocatio

491 692 725 752 aberrat
754 713 787 750 a
818 690 971 762 Deo,
999 700 1060 750 et
1094 690 1304 751 tribuit
1332 691 1425 750 vel
1456 688 1782 751 efficaciam
1813 691 2118 766 creaturis,
2142 690 2240 752 vel

490 772 803 845 auxilium,
824 773 915 833 vel
949 772 1455 834 intercessionem.
1526 772 1689 834 Nam
1721 771 1825 852 qui
1847 771 2243 833 verecundius

493 856 677 917 locuti
707 867 867 929 sunt,
893 854 969 915 de
998 855 1123 916 sola
1155 855 1575 916 intercessione
1605 853 1906 914 dixerunt.
1976 853 2096 915 Sed
2129 854 2246 916 hu-

495 960 674 1000 mana
712 937 1056 1020 superstitio
1099 939 1334 1020 longius
1373 936 1662 1021 procedit,
1690 948 1751 997 et
1784 936 2111 999 efficaciam
2142 936 2249 998 tri-

495 1021 646 1091 buit,
703 1020 859 1080 sicut
923 1018 1130 1080 multoe
1196 1019 1505 1081 cantiones
1563 1018 1823 1102 publicae
1878 1017 2245 1081 ostendunt:

493 1112 531 1140 “
560 1102 760 1164 Maria
789 1112 980 1161 mater
1007 1101 1230 1181 gratioe,
1254 1101 1352 1163 Tu
1396 1124 1506 1163 nos
1549 1102 1626 1162 ab
1665 1100 1838 1162 hoste
1877 1114 2142 1185 protege,
2169 1101 2246 1163 In

494 1194 531 1223 ‘·'
565 1186 711 1246 bora
753 1182 960 1242 mortis
999 1184 1282 1266 suscipe?
1366 1183 1505 1244 Hos
1544 1184 1866 1244 versiculos
1908 1183 2249 1247 audivimus

494 1268 802 1329 doctorem
833 1264 1152 1346 theologioe
1184 1265 1548 1326 monachum
1588 1265 1821 1346 praefari
1861 1266 2158 1339 morienti,
2186 1277 2250 1328 et

496 1371 660 1432 saepe
686 1358 974 1430 repetere,
1001 1368 1143 1408 cum
1182 1347 1430 1429 quidem
1468 1347 1699 1408 nullam
1728 1347 1956 1408 Christi
1996 1347 2253 1411 mentio-

495 1453 638 1493 nem
668 1430 910 1503 faceret,
937 1441 998 1490 et
1068 1442 1272 1492 ossent
1292 1430 1572 1514 exempla
1603 1430 1796 1491 multa
1822 1430 2075 1492 recitari.
2129 1430 2255 1494 Ae·

496 1514 720 1577 cedunt
756 1524 817 1574 et
856 1512 956 1573 alii
1002 1453 1252 1575 fiet-ores.
1336 1513 1456 1574 Alii
1503 1511 1663 1597 apud
1705 1513 1849 1574 alias
1885 1524 2112 1575 statuas
2146 1533 2256 1576 ex·

498 1598 842 1659 intimantur
869 1617 996 1656 esse
1026 1598 1216 1678 magis
1244 1596 1506 1680 propitii.
1596 1596 1680 1656 Hi
1709 1596 1937 1657 furores
1964 1617 2104 1658 cum
2146 1616 2256 1681 pu-

496 1682 619 1742 lam
651 1679 876 1740 similes
905 1678 1027 1739 sint
1053 1679 1454 1749 ethnicorum,
1485 1690 1547 1739 et
1576 1678 1736 1739 haud
1765 1678 1950 1740 dubie
1975 1678 2151 1741 valde
2178 1680 2256 1741 ir·

497 1766 681 1825 ritent
723 1763 869 1822 iram
907 1760 1048 1835 Dei,
1076 1772 1139 1822 et
1176 1784 1211 1822 a
1248 1761 1603 1822 docentibus
1639 1761 1883 1822 taxandi
1928 1772 2088 1836 sunt,
2113 1772 2179 1824 et
2217 1783 2255 1823 a

500 1846 615 1930 piis
645 1843 1094 1926 magistratibus
1125 1865 1326 1905 severe
1353 1842 1662 1927 puniendi.

583 1925 1000 2010 Reprehensio
1027 1938 1228 1988 autem
1302 1927 1574 2008 erspicua
1602 1937 1955 2007 argumenta
1984 1926 2116 1989 baec
2141 1926 2257 1988 tria

501 2011 789 2074 continet.
853 2008 1156 2069 Creaturis
1183 2009 1259 2069 tri
1306 2029 1446 2068 uere
1473 2008 1997 2090 omnipotentiam,
2022 2019 2117 2071 est
2139 2010 2259 2071 im-

500 2094 726 2178 pietas:
770 2090 1070 2151 invocatio
1098 2103 1400 2166 creaturae,
1430 2111 1566 2171 quae
1602 2101 1693 2151 est
1730 2101 1901 2151 extra
1930 2090 2088 2152 hanc
2112 2091 2259 2154 vitae

501 2172 1022 2248 consuetudinem,
1050 2174 1261 2234 tribuit
1283 2173 1337 2234 ei
1368 2173 1907 2255 omnipotentiamz
1946 2174 2089 2255 quia
2116 2193 2263 2236 oon-

503 2259 683 2321 fessio
731 2268 843 2330 est,
895 2256 1057 2338 quod
1107 2257 1415 2318 intueatur
1457 2257 1733 2317 omnium
1787 2256 1986 2332 corda,
2028 2267 2091 2318 et
2138 2256 2264 2318 dis-

503 2353 707 2404 cernat
737 2339 1000 2423 gemitus
1028 2361 1197 2401 veros
1228 2362 1261 2400 a
1291 2338 1605 2399 simulatis.
1696 2338 1853 2401 Haec
1880 2350 2119 2401 tantum
2153 2339 2263 2401 tri-

504 2424 746 2486 buenda
775 2434 917 2484 sunt
944 2434 1167 2484 aeterno
1189 2421 1370 2495 Patri,
1391 2432 1454 2482 et
1475 2422 1632 2482 Filio
1660 2421 1791 2502 ejus
1820 2422 2096 2483 Domino
2121 2443 2263 2483 nos-

504 2519 599 2569 tro
638 2507 790 2567 Jesu
820 2505 1085 2580 Christe,
1127 2516 1186 2566 et
1230 2504 1480 2587 Spiritui
1523 2505 1765 2565 Sancto.
1850 2504 2256 2587 Nequaquam
2370 2555 2372 2558 ,

506 2590 692 2672 igitur
720 2588 1019 2648 invocatio
1048 2587 1122 2647 ad
1155 2588 1450 2659 homines,
1477 2587 1581 2667 qui
1623 2608 1699 2647 ex
1741 2587 1855 2648 hac
1882 2587 2006 2649 vita
2040 2587 2263 2649 disces-

508 2682 733 2745 serunt,
759 2670 1035 2731 facienda
1062 2681 1171 2731 est.
1257 2668 1608 2730 Dolendum
1648 2679 1761 2745 est,
1791 2670 1921 2732 haec
1951 2670 2110 2732 mala
2137 2691 2262 2732 non

509 2753 782 2837 intelligi.
867 2753 986 2814 Sed
1035 2764 1096 2813 te
1139 2752 1337 2835 ipsum
1385 2752 1601 2833 aspice,
1647 2765 1709 2813 et
1757 2752 2068 2815 considera
2114 2751 2263 2836 quid

511 2859 670 2920 agas.
757 2836 832 2898 In
864 2836 978 2896 hac
1016 2835 1392 2897 invocatione
1419 2834 1675 2913 discedis
1704 2857 1737 2896 a
1766 2835 1923 2910 Deo,
1949 2857 2062 2898 nec
2097 2836 2266 2920 cogi·-

510 2933 601 2981 tas
632 2918 776 3001 quid
808 2919 1079 2980 invocest
1109 2930 1171 2979 et
1200 2918 1315 2979 scis
1345 2918 1477 2978 illos
1498 2918 1907 3001 opitulatores,
1926 2939 2080 3002 quos
2101 2940 2267 3002 quoe-

509 3003 609 3077 ris,
646 3003 912 3075 Annam,
956 3012 1060 3062 aut
1103 3000 1459 3083 Georgium,
1505 3022 1629 3062 non
1674 3001 1876 3062 videre
1924 3012 2126 3064 motus
2172 2999 2267 3064 tui

511 3085 740 3147 cordis:
784 3085 888 3167 qui
920 3083 1167 3166 quidem
1210 3084 1259 3144 si
1301 3084 1519 3145 scirent
1550 3106 1613 3145 se
1644 3084 1925 3159 invocari,
1950 3084 2135 3147 etism
2165 3104 2268 3147 oo-

516 3169 942 3241 borrescerent,
985 3166 1219 3228 nollent
1263 3166 1426 3228 hunc
1471 3166 1760 3228 honorem
1808 3165 1947 3229 Deo
1987 3166 2263 3230 debitum

513 3251 693 3313 tribui
727 3250 864 3312 ullis
892 3249 1195 3312 creaturis.
1267 3250 1480 3320 Qualis
1509 3262 1709 3312 autem
1740 3262 1833 3312 est
1860 3250 2160 3312 invocatio
2185 3246 2263 3311 ad

513 3333 761 3396 surdos?
817 3332 953 3395 Etsi
1002 3332 1227 3394 scimus
1276 3332 1422 3414 quid
1474 3354 1567 3394 res
1651 3333 1876 3396 ndeant
1931 3328 2265 3425 adverso-⁸3,
2380 3330 2384 3331 ⁷

515 3419 847 3492 (finxerunt
887 3416 1049 3477 enim
1094 3416 1486 3499 sophismata,
1529 3438 1563 3476 a
1646 3414 2008 3478 eludendam
2050 3421 2263 3474 veisu-

517 3506 686 3576 tem‚)
717 3511 922 3560 tamen
962 3497 1168 3560 divina
1204 3498 1547 3560 testimonia
1587 3500 1853 3583 ipsorum
1891 3492 2261 3579 responsioni

516 3580 749 3642 desunt.
836 3581 918 3643 Et
958 3581 1223 3665 precatio
1250 3603 1384 3663 quae
1424 3595 1515 3643 est
1552 3582 1679 3642 sine
1707 3579 1846 3652 fide,
1876 3577 1992 3638 hoe
2018 3587 2127 3647 est,
2158 3576 2263 3638 ubi

520 3684 639 3721 non
669 3677 839 3743 potes
868 3677 1145 3735 statuere,
1175 3685 1248 3724 an
1281 3665 1461 3725 talem
1502 3661 1940 3724 invocationem
1970 3657 2268 3742 adprobet
