2418 4172
752 407 1228 461 SAXONICA
1751 409 1862 463 307

111 558 174 610 et
201 546 543 608 belluantur
571 546 647 607 de
688 547 779 608 his
817 548 1235 630 eleemosynis,
1262 558 1324 608 et
1361 559 1463 607 aut
1503 546 1697 606 nullos
1727 570 1861 628 pas-

111 640 269 691 tores
310 629 576 691 ecclesiis
620 630 743 691 suis
786 631 1156 714 praeficiunt3
1201 641 1324 703 aut,
1353 629 1400 690 si
1430 648 1583 709 quos
1614 628 1860 702 babent,

109 710 332 774 esurire
360 712 582 775 sinunt.

690 848 1286 892 ,ψ-

108 1008 478 1074 XX11.De
519 1010 907 1074 Invocate‘one
943 1010 1283 1074 Hominum
1322 1013 1586 1095 piorum,
1632 1014 1740 1097 qui
1788 1037 1859 1075 es

609 1093 725 1156 hac
758 1094 909 1156 Vita
938 1095 1356 1157 discesserunt.

114 1189 230 1273 IN
257 1212 456 1295 capite
484 1210 679 1273 Esaiae
709 1211 835 1272 xlii.
866 1212 1156 1293 scriptum
1193 1223 1316 1272 est.
1363 1211 1503 1294 Ego
1533 1210 1858 1284 Dominus,

111 1293 223 1356 boc
274 1302 365 1356 eet
418 1316 631 1356 nomen
687 1316 900 1366 meum,
943 1294 1212 1377 gloriam
1262 1316 1455 1355 meam
1508 1293 1693 1355 alteri
1738 1318 1857 1356 non

112 1376 282 1439 dabo·
367 1376 576 1438 Gloria
632 1376 749 1436 Dei
810 1378 1220 1459 propriissima
1277 1388 1368 1437 est
1425 1377 1740 1451 invocati0,
1792 1391 1858 1438 ut

114 1458 343 1521 Matth.
373 1459 449 1520 iv.
479 1460 539 1520 in
589 1459 677 1519 uit
703 1459 1042 1520 Dominus.
1088 1459 1422 1520 Dominum
1447 1459 1655 1520 Deum
1685 1468 1858 1521 tuum

113 1541 413 1615 adtrahis,
439 1550 499 1603 et
528 1480 625 1603 i‘lti
648 1541 764 1602 soli
788 1542 1032 1602 servies.
1118 1542 1202 1602 Et
1230 1542 1551 1603 immotum
1594 1565 1663 1603 ac
1691 1557 1860 1605 aeter·

115 1645 261 1686 num
317 1623 626 1685 decretum
679 1636 772 1684 est
826 1624 1005 1705 primi
1064 1625 1380 1705 praecepti:
1424 1624 1566 1684 Non
1616 1625 1860 1685 habebis

112 1705 254 1769 deos
278 1704 525 1769 alienos.
611 1705 876 1766 Necesse
909 1717 1001 1765 est
1039 1706 1222 1786 igitur
1250 1707 1311 1765 in
1340 1705 1614 1765 Ecclesia
1642 1706 1861 1766 doctri-

114 1808 258 1849 nam
286 1786 364 1848 de
389 1786 767 1847 invocatione
805 1786 1126 1879 purissime
1152 1800 1376 1860 extare,
1405 1786 1479 1846 ad
1509 1807 1693 1866 quam
1731 1810 1861 1847 cor-

111 1868 510 1952 rumpendam
563 1868 703 1929 inde
750 1890 940 1948 usque
987 1870 1063 1929 ab
1105 1868 1278 1929 initio
1322 1869 1555 1950 generis
1609 1870 1857 1930 humani

109 1951 411 2015 Diabolus
458 1950 632 2012 variis
690 1950 884 2012 modis
933 1950 1165 2011 semina
1215 1951 1431 2034 sparsit
1485 1963 1546 2011 et
1603 1964 1859 2034 sparget.

113 2034 317 2105 Quare
343 2034 748 2115 vigilantiores
776 2056 904 2094 esse
933 2033 1243 2107 debemus,
1270 2046 1331 2094 et
1361 2033 1571 2112 majori
1603 2056 1744 2095 cura
1772 2058 1862 2094 re-

113 2117 306 2179 tinere
332 2115 581 2176 modum
615 2115 1024 2187 invocationis,
1053 2139 1157 2176 seu
1187 2116 1565 2190 adorationis,
1594 2118 1866 2199 proposi-

114 2211 247 2260 tum
268 2199 341 2259 in
370 2199 551 2259 verbo
579 2197 720 2271 Dei,
747 2198 929 2277 juxta
956 2197 1222 2258 dictum.
1273 2198 1435 2263 Quic
1475 2199 1585 2259 uid
1613 2201 1865 2279 petieri-

117 2282 199 2343 tis
225 2281 536 2343 Patrem
511 2303 575 2342 m
602 2281 838 2341 nomine
864 2302 1013 2354 meo,
1042 2278 1383 2374 boesas-iet.
1403 2221 1514 2341 cin
1546 2281 1639 2341 his
1668 2283 1863 2342 verbis

116 2364 380 2426 sancitus
421 2375 514 2424 est
556 2362 791 2436 modus,
818 2385 1002 2444 quem
1046 2363 1527 2424 constantissime
1568 2366 1721 2424 tueri
1760 2364 1865 2424 de-

116 2447 365 2508 bemus:
411 2468 534 2507 non
583 2445 832 2506 miscere
880 2446 1026 2506 alios
1074 2446 1304 2519 modos,
1338 2459 1677 2528 pugnantes
1721 2469 1862 2507 cum

114 2550 264 2591 voce
289 2527 511 2602 divina,
538 2539 643 2589 aut
668 2528 774 2608 qui
805 2529 971 2588 nullo
999 2528 1279 2623 exemplo
1309 2529 1602 2611 probato
1588 2550 1650 2589 m
1681 2530 1866 2611 scrip-

115 2611 267 2673 turis
324 2610 547 2673 firmati
596 2622 756 2672 sunt.
842 2610 1031 2672 Nulla
1081 2612 1270 2692 major
1311 2612 1497 2672 virtus
1547 2624 1657 2683 est,
1701 2613 1867 2672 nulla

118 2693 414 2756 efficacior
440 2693 789 2766 consolatio,
817 2714 998 2787 quarn
1032 2715 1167 2754 vera
1203 2694 1518 2754 invocatio,
1601 2694 1868 2754 Necesse

119 2787 214 2837 est
260 2776 445 2857 igitur
487 2776 676 2837 taxari
726 2798 849 2848 eos,
890 2777 993 2857 qui
1039 2799 1239 2837 veram
1287 2777 1724 2836 invocationem
1770 2778 1865 2836 vel

120 2856 454 2951 negligunt,
481 2859 572 2918 vel
616 2871 1046 2950 corrumpunt3
1090 2872 1151 2919 et
1194 2872 1335 2920 sunt
1377 2859 1727 2951 corruptelae
1766 2880 1867 2919 va·

121 2939 247 3000 riae.
331 2938 518 3001 Multi
558 2962 678 3000 non
723 2940 1072 3002 discernunt
1110 2963 1278 3002 suam
1319 2942 1759 3000 invocationem
1790 2943 1868 3001 ab

122 3020 385 3095 ethnica,
422 3044 492 3083 ac
539 3044 616 3083 ne
665 3022 1014 3125 cogitantq
1020 3022 1218 3084 uidem
1271 3020 1419 3103 quid
1469 3023 1868 3103 alloquantur.

122 3103 223 3165 De
252 3103 390 3164 bis
375 3125 393 3164 ι
484 3104 570 3164 uit
590 3100 896 3166 Dominus
915 3106 1173 3167 Johanfi
1161 3129 1236 3167 iv.
1262 3105 1333 3166 V
1321 3128 1384 3166 os
1412 3106 1680 3167 adoratis
1708 3106 1872 3186 quod

229 3125 618 3248 cuw.anult
644 3185 976 3248 Ecclesiam
1023 3188 1285 3269 cogitare
1323 3188 1469 3269 quid
1514 3188 1869 3266 alloquatur,

123 3268 431 3350 inquiens:
476 3268 609 3330 Nos
634 3269 961 3331 adoramus
993 3270 1156 3353 quod
1187 3272 1426 3332 scimus.
1514 3269 1700 3330 Multi
1744 3291 1866 3331 non

123 3351 410 3433 cogitant,
437 3373 534 3424 au,
560 3363 622 3412 et
649 3372 833 3431 quare
859 3353 1274 3413 exaudiantur.
1355 3352 1635 3419 Recitant

122 3434 336 3504 tiones,
364 3446 425 3494 et
452 3432 731 3494 dubitant
759 3445 984 3508 tamen,
1012 3455 1152 3495 cum
1182 3434 1471 3515 scriptum
1505 3434 1613 3494 sit.
1645 3374 1869 3505 βὲῗειῖ

127 3515 264 3578 tet
240 3514 471 3599 mfide,
497 3515 655 3577 nihil
678 3517 977 3578 haitans.
1061 3516 1160 3577 De
1195 3516 1289 3576 his
1319 3516 1581 3577 materiis
1610 3517 1749 3578 alibi
1780 3517 1871 3579 di-

128 3620 367 3660 cemus:
413 3600 527 3660 boc
571 3600 702 3659 loco
744 3597 1234 3681 reprehendimus
1274 3598 1431 3660 hanc
1468 3600 1868 3695 corruptelam

128 3680 456 3757 ethnicam,
477 3681 639 3762 quod
667 3680 1008 3743 defenditur
1020 3680 1406 3825 2consuetudo
1432 3681 1868 3763 alloquentium

27 3783 29 3786 ·
944 3784 989 3823 x
