2418 4172
417 354 488 408 72
1050 346 1536 403 CONFESSIO

420 505 483 554 et
531 493 596 553 in
646 502 812 554 eoetu
863 513 955 552 res
1005 474 1427 552 consultandas
1474 488 1817 581 proposuit,
1840 486 2168 549 sententias
2264 488 2267 490 ’

423 578 569 638 item
600 575 852 636 aliorum
883 573 1144 656 collegit,
1171 572 1431 652 denique
1471 594 1545 632 ne
1580 593 1701 653 qua
1736 580 1989 632 oriretur
2024 590 2169 631 oon-

423 658 599 730 fusi0,
633 679 743 740 pro
780 656 934 718 virili
986 656 1161 717 cavit.
1247 654 1349 715 Sic
1394 655 1612 736 legitur
1648 653 1859 715 fecisse
1900 652 1967 713 in
1995 650 2170 715 Acti·

424 742 855 838 Apostolorum
910 740 972 800 S.
1003 740 1231 812 Petrus,
1279 738 1382 818 qui
1435 752 1638 799 tamen
1690 735 1825 796 ideo
1876 754 1988 796 nee
2036 733 2171 796 aliis

422 824 540 885 fuit
583 846 704 906 prae
789 822 959 896 situs,
996 844 1108 882 nec
1153 832 1447 904 potestate
1489 820 1713 901 majore
1754 816 1981 879 caeteris
2064 837 2173 879 m-

422 905 603 968 ditus.
737 905 1038 966 ectissime
1066 904 1229 965 enim
1260 903 1603 985 Cyprianus
1634 913 1879 983 martyr,
1906 899 1982 960 de
2010 837 2173 960 gim-

423 989 693 1072 plicitate
734 988 1127 1057 clericorum;
1176 994 1212 1023 “
1246 985 1388 1047 Hoc
1429 997 1600 1046 erant
1649 983 1907 1065 utique,”
1950 980 2173 1063 inquit,

422 1079 460 1107 “
487 1083 551 1132 et
578 1071 771 1132 caeteri
805 1093 837 1131 a
953 1069 1080 1143 toli,
1108 1067 1269 1150 quod
1300 1067 1418 1129 fuit
1446 1067 1676 1141 Petrus,
1703 1067 1829 1150 pari
1868 1063 2173 1126 consortio

424 1163 461 1190 “
492 1152 723 1236 proediti
754 1163 816 1213 et
889 1151 1089 1212 onoris
1118 1163 1180 1211 et
1208 1149 1556 1233 potestatis3
1602 1148 1706 1210 sed
1739 1147 2055 1210 exordium
2094 1146 2173 1207 ab

424 1245 458 1273 “
491 1236 723 1296 unitate
760 1233 1175 1315 proficiscitur,
1207 1244 1274 1292 ut
1310 1231 1562 1293 ecclesia
1599 1253 1720 1292 una
1758 1228 2174 1292 monstretur?

429 1318 636 1379 Refert
679 1318 827 1376 item
871 1316 933 1376 S.
966 1315 1382 1395 Hieronymus
1421 1334 1544 1373 non
1580 1312 1860 1394 disparia,
1887 1312 1953 1373 in
1986 1311 2175 1374 Com-

426 1411 612 1460 ment.
656 1398 731 1459 ad
776 1398 972 1458 EJist.
1017 1396 1091 1457 ad
1118 1397 1329 1475 Titum
1364 1395 1552 1468 Pauli,
1593 1406 1655 1455 et
1695 1394 1879 1464 dicim
1924 1400 1963 1430 “
1985 1394 2177 1456 Ante·

423 1494 460 1519 ‘⁴
490 1503 675 1563 quam
705 1420 951 1541 Diaboli
994 1479 1279 1540 instinctu
1310 1477 1507 1539 studia
1536 1478 1596 1538 in
1625 1477 1913 1559 religione
1942 1477 2175 1550 fierent,

421 1574 455 1601 “
489 1563 798 1625 communi
844 1563 1329 1646 presbyterorum
1371 1561 1623 1622 consilio
1660 1559 1928 1621 ecclesioe
1957 1560 2175 1641 guber-

419 1656 454 1682 “
488 1648 801 1720 nabantur,
844 1658 1163 1727 postquam
1204 1666 1345 1704 vero
1388 1642 1805 1724 unusquisque
1847 1663 1971 1715 eos,
2019 1662 2173 1723 quos

420 1738 455 1766 “
488 1730 914 1812 baptizaverat,
943 1750 1081 1788 suos
1125 1727 1393 1808 putabat,
1431 1749 1552 1786 non
1581 1725 1825 1799 Christi,
1860 1724 2169 1786 decretum

419 1822 454 1848 “
483 1824 592 1886 est,
622 1824 688 1873 ut
716 1832 871 1871 unus
900 1809 975 1870 de
1010 1810 1372 1893 presbyteris
1410 1810 1635 1870 electus
1673 1818 2175 1891 superponeretur

418 1904 455 1931 ‘⁶
483 1894 731 1967 caeteris,
760 1893 833 1954 ad
877 1914 1059 1974 quem
1104 1892 1301 1953 omnis
1344 1892 1614 1953 ecclesiae
1654 1914 1797 1952 cura
1907 1890 2175 1964 rtineret,

420 1987 455 2016 “
487 1990 549 2038 et
591 1976 986 2038 schismatum
1034 1974 1264 2035 semina
1306 1974 1701 2034 tollerentur.”
1786 1913 1932 2034 Istic
1967 1978 2172 2033 tamen

419 2060 724 2121 decretum
750 2059 1166 2140 Hieronymus
1196 2079 1315 2118 non
1340 2078 1449 2139 pro
1469 2056 1674 2116 divino
1689 2054 1975 2117 venditat.
2018 2053 2175 2116 Mox

422 2142 586 2204 enim
627 2141 889 2221 subjicit,
931 2147 968 2176 ‘⁸
992 2140 1164 2200 Sicut
1197 2138 1532 2221 presbyteri
1562 2138 1759 2200 sciunt
1788 2160 1851 2198 se
1880 2160 1957 2200 ex
1984 2136 2178 2199 eoele-

424 2234 460 2262 “
493 2225 594 2286 sioe
623 2221 1075 2297 consuetudine,
1092 2222 1147 2283 ei
1178 2222 1281 2303 qui
1312 2221 1425 2283 sibi
1453 2222 1808 2304 praepositus
1837 2220 2019 2282 fuerit
2045 2241 2177 2283 esse

423 2314 458 2343 ‘⁶
490 2306 824 2387 subjectos:
870 2306 953 2368 ita
994 2305 1258 2397 episcopi
1300 2304 1574 2365 noverint
1602 2327 1664 2364 se
1703 2304 1896 2385 magis
1924 2324 2178 2364 consue-

424 2399 459 2425 “
492 2390 719 2465 tudine,
737 2411 919 2470 quam
945 2387 1352 2470 dispositionis
1369 2387 1710 2448 Dominicae
1728 2386 1996 2459 veritate,
2013 2407 2177 2468 pres-

425 2482 462 2508 “
495 2473 718 2554 byteris
748 2494 876 2532 esse
910 2469 1184 2550 majores,
1204 2481 1267 2529 et
1296 2470 1356 2529 in
1385 2491 1711 2530 commune
1738 2468 1957 2529 debere
1983 2468 2176 2530 eoele-

425 2563 460 2591 “
493 2555 640 2615 siam
676 2553 925 2635 regere.”
999 2553 1152 2613 Haec
1180 2552 1301 2612 ille.
1376 2551 1644 2632 Ideoque
1674 2573 1855 2613 nemo
1873 2551 2011 2631 jure
2038 2573 2177 2634 pro-

411 2636 688 2730 hibuerit
718 2635 793 2697 ad
813 2649 1074 2696 veterem
1097 2634 1362 2697 ecclesiae
1386 2634 1503 2696 Dei
1529 2634 2022 2696 constitutionem
2046 2632 2178 2696 red-

428 2716 1731 2880 ¹'ebiizssiffmmffir'ssssfffflussifssffiff‘ss'i'ss
1751 2739 2177 2883 ἓξὲἓῗῗριρή-

422 2907 540 2967 que
570 2883 643 2946 ad
673 2883 796 2945 duo
824 2883 1254 2963 restringuunt,
1285 2883 1345 2943 in
1381 2884 1602 2964 quibus
1631 2883 1835 2943 omnia
1865 2883 1981 2945 alia
2009 2904 2178 2944 com-

423 2966 900 3051 prehenduntur,
950 2965 1022 3027 ad
1079 2965 1413 3027 doctrinam
1462 2966 1688 3027 Christi
1747 2965 2177 3046 evangelicam,

424 3063 484 3112 et
529 3050 600 3112 ad
648 3049 979 3131 legitimam
1025 3063 1533 3110 sacramentorum
1573 3048 2175 3110 administrationem.

427 3133 843 3195 Ministrorum
891 3132 1053 3193 enim
1099 3144 1189 3194 est
1236 3154 1598 3215 congregare
1643 3143 1872 3193 coetum
1922 3150 2179 3205 sacrum,

426 3218 483 3277 in
531 3216 647 3276 hoc
690 3235 992 3298 exponere
1019 3215 1268 3277 verbum
1301 3214 1441 3287 Dci,
1471 3228 1532 3275 et
1578 3215 1914 3277 universam
1957 3212 2178 3276 doctri·

424 3321 563 3359 nam
610 3297 1062 3361 accommodare
1101 3297 1175 3360 ad
1213 3298 1504 3359 rationem
1555 3319 1854 3379 usumque
1892 3294 2177 3368 eccle-ie,

425 3395 490 3441 ut
519 3404 588 3440 ea
618 3403 752 3460 quae
779 3380 1087 3455 docentur,
1109 3380 1339 3464 prosint
1367 3380 1759 3455 auditoribus,
1787 3392 1848 3442 et
1970 3378 2176 3440 iflcent

425 3462 647 3522 fideles.
696 3464 1137 3538 Ministrorum,
1168 3464 1437 3546 inquam,
1465 3476 1575 3537 est,
1602 3463 1816 3526 docere
1845 3462 1862 3522 i
1932 3458 2176 3543 perito&

424 3544 642 3605 liortari
700 3546 865 3618 item,
909 3559 970 3607 et
1024 3570 1233 3629 urgere
1284 3547 1357 3608 ad
1411 3544 1915 3630 progrediendum
1969 3541 2031 3603 in
2079 3542 2173 3603 via

423 3625 672 3688 Domini
730 3641 1047 3700 cessantes,
1089 3641 1192 3690 aut
1244 3629 1426 3691 etiam
1487 3627 1713 3691 tardius
1763 3623 2176 3709 procedentes,
