2418 4172
555 344 627 395 10
1186 345 1683 413 PRAEFATIO.

552 484 817 558 dissidia,
846 485 948 547 sed
989 486 1176 548 simus
1225 489 1523 571 integrum
1570 511 1808 574 corpus,
1842 489 2052 552 eadem
2080 512 2081 515 ¹
2106 488 2330 554 mente'

549 580 887 664 'eademque
913 583 1228 647 sententia.
1312 587 1691 648 Attestamur
1719 586 1863 648 item
1896 608 2023 660 nos,
2052 587 2304 649 minime

549 679 692 741 talia
711 679 773 740 in
795 677 1084 742 Ecclesiis
1106 682 1323 743 nostris
1347 704 1625 766 spargere
1645 683 1950 765 dogmata,
1974 683 2173 765 qualia
2204 684 2308 745 ad-

547 777 783 840 versarii
832 778 1107 840 nonnulli
1146 779 1332 841 nostri
1373 780 1566 856 nobis,
1596 780 1756 864 apud
1786 801 1888 842 eos
1920 779 2202 855 maxime,
2230 780 2305 843 ad

546 895 698 955 quos
726 874 950 958 scripta
983 888 1184 938 nostra
1225 898 1345 937 non
1387 877 1762 960 perveniunt,
1790 888 1853 939 et
1880 877 1982 958 qui
2014 876 2305 941 doctrinae

546 981 762 1033 nostroe
809 972 1072 1056 imperiti
1118 984 1277 1049 sunt,
1314 972 1464 1034 falso
1505 985 1567 1034 et
1613 985 1831 1056 praeter
1877 973 2163 1036 meritum
2201 973 2307 1035 tri·

545 1068 748 1144 buere,
776 1068 1219 1150 obtrudereque
1249 1068 1539 1131 nituntur.
1620 1069 1786 1152 Ergo
1818 1070 2304 1132 manifestissime

543 1187 619 1227 ex
661 1166 755 1227 his
792 1165 1008 1227 nostris
1039 1166 1196 1246 oequi
1224 1164 1679 1249 deprehendent
1709 1166 1980 1239 lectores,
2009 1166 2160 1228 nihil
2193 1189 2305 1229 nos

542 1283 786 1344 quoque
828 1262 1050 1324 habere
1088 1261 1535 1323 communionis
1573 1283 1714 1322 cum
1746 1262 1883 1323 ullis
1912 1262 2091 1324 sectis
2121 1275 2304 1346 atque

544 1359 892 1432 haeresibus,
930 1380 1210 1440 quarum,
1240 1358 1357 1418 hoc
1399 1357 1673 1430 consili0,
1715 1356 1774 1416 in
1819 1357 2073 1441 singulis
2115 1381 2305 1444 prope

540 1456 860 1539 capitibus,
880 1455 1251 1516 mentionem
1275 1454 1551 1528 sacimuS,
1571 1475 1792 1535 easque
1815 1453 2150 1534 rejicientes
2169 1477 2306 1539 per·

539 1552 907 1635 stringimus.
995 1550 1301 1634 Colligent
1345 1551 1547 1632 itaque
1583 1562 1644 1611 et
1682 1549 1851 1624 illud,
1879 1573 1991 1611 nos
2020 1573 2056 1612 a
2083 1552 2304 1614 sanetis

540 1649 765 1711 Christi
788 1649 1096 1723 Ecclesiis,
1117 1647 1479 1720 Germaniae,
1491 1646 1730 1720 Galliae,
1748 1646 2007 1729 Anglioe,
2023 1648 2304 1711 aliarum-

538 1770 659 1830 que
688 1747 751 1808 in
779 1747 924 1807 orbe
953 1745 1302 1807 Christiano
1341 1745 1677 1817 nationum,
1708 1744 1935 1805 nefario
1972 1746 2302 1809 schismate

538 1866 660 1906 non
683 1845 997 1926 sejungere
1021 1853 1201 1924 atque
1226 1843 1614 1927 abrumpere:
1649 1841 1752 1903 sed
1775 1864 1913 1903 cum
1940 1842 2084 1925 ipsis
2106 1844 2303 1906 omni-

538 1940 651 2002 bus
688 1951 751 2002 et
788 1940 1060 2023 singulis,
1097 1939 1159 2000 in
1204 1939 1318 2000 hac
1356 1939 1628 2000 confessa
1658 1938 1906 1999 veritate
1935 1937 2301 2014 Christiana,

538 2038 725 2120 probe
770 2037 1125 2111 consentire,
1170 2036 1449 2119 ipsasque
1498 2035 1793 2096 charitate
1838 2056 2089 2117 syncera
2133 2057 2301 2097 com·

538 2134 741 2217 plecti.

617 2230 889 2293 Tametsi
912 2253 1054 2292 vero
1084 2230 1145 2291 in
1175 2228 1423 2291 diversis
1453 2228 1742 2291 Ecclesiis
1772 2229 2055 2310 quaedam
2086 2228 2300 2313 depre0.

538 2326 822 2390 henditur
863 2329 1135 2403 varietas,
1169 2327 1230 2387 in
1276 2325 1702 2400 locutionibus,
1730 2338 1791 2386 et
1835 2325 2020 2386 modo
2061 2325 2300 2408 exposi-

535 2425 716 2486 tionis
758 2424 1071 2498 doctrinae,
1101 2423 1164 2484 in
1204 2422 1418 2484 ritibus
1453 2421 1597 2483 item
1642 2422 1735 2483 vel
1780 2421 2174 2496 ceremoniis,
2201 2430 2388 2483 east*

536 2543 655 2603 que
697 2533 937 2604 recepta
978 2542 1089 2605 pro
1131 2519 1542 2582 Ecclesiarum
1589 2520 1999 2600 quarumlibet
2047 2504 2418 2633 mtiossssgssf

534 2617 1006 2702 opportunitate,
1033 2628 1095 2678 et
1136 2616 1556 2690 aedificatione,
1599 2638 1909 2697 nunquam
1955 2621 2163 2679 tamen
2205 2610 2329 2689 εἰς’

536 2714 674 2777 ullis
693 2715 754 2777 in
776 2714 1050 2777 Ecclesia
1074 2714 1467 2798 temporibus,
1489 2713 1800 2775 materiam
1826 2714 2297 2787 dissensionibus

535 2823 598 2875 et
623 2812 1052 2876 schismatibus
1082 2812 1209 2873 visa
1237 2823 1331 2873 est
1358 2810 1760 2894 suppeditare.
1844 2811 2103 2897 Semper
2129 2811 2294 2874 enim

537 2910 747 2974 bacin
784 2932 850 2974 re
884 2909 1112 2973 Christi
1156 2908 1448 2971 Eoclesiae
1490 2930 1616 2971 usae
1658 2922 1799 2971 sunt
1843 2909 2136 2971 libertate.
2220 2908 2297 2971 m
2372 2928 2377 2932 “

534 3006 698 3089 quod
727 3008 790 3071 in
820 3005 1069 3069 historia
1095 3004 1498 3068 ecclesiastica
1533 3002 1734 3066 videre
1779 3004 1938 3067 licet.
2032 3002 2297 3066 Abunde

534 3103 654 3188 piae
682 3104 966 3167 vetustati
997 3103 1140 3166 satis
1162 3114 1289 3165 erat
1319 3112 1566 3166 mutuus
1590 3101 1691 3162 ille
1716 3101 1775 3163 in
1808 3098 2295 3186 praecipuisfldei

534 3201 939 3287 dogmatibus,
967 3201 1155 3284 inque
1192 3221 1370 3262 sensu
1400 3197 1742 3260 orthodoxo
1770 3210 1831 3259 et
1859 3197 2296 3261 charitate-fw-

536 3311 722 3373 terna,
749 3317 1101 3361 consensus.
1928 3323 1931 3326 ’

618 3397 918 3464 Quocioea
951 3406 1262 3481 speramus
1289 3394 1518 3458 Christi
1548 3394 1874 3469 Ecclesia,
1900 3391 2005 3454 ubi
2030 3389 2291 3453 uides-int

534 3490 1159 3575 deprehenderintque
1195 3514 1309 3554 nos
1338 3492 1399 3553 in
1427 3491 1619 3554 sancti
1658 3503 1724 3553 et
1754 3487 1961 3552 aterni
1994 3485 2294 3549 Deidoc-
2380 3487 2385 3492 ’

534 3588 709 3660 trina,
739 3590 799 3650 in
836 3610 1011 3651 sensu
1052 3591 1197 3661 item
1235 3588 1580 3652 orthodoxo
1604 3600 1667 3651 et
1693 3586 1985 3649 charitbte
1998 3583 2293 3659 fintenus,
