2418 4172
435 344 543 398 150
1067 343 1557 398 CONFESSIO

440 484 707 547 minibus
734 506 848 547 exe
930 483 1143 546 'tatum
1175 485 1303 547 sine
1334 484 1618 547 mandato
1647 484 1765 545 Dei
1791 510 1807 553 ς
1856 494 1918 545 et
1953 483 2186 560 docere,

441 567 605 650 quod
646 568 781 630 talis
824 505 1022 629 οἳιῗὶυε
1054 567 1351 647 justificet
1394 566 1713 629 homines?
1756 566 1918 635 Quia
1948 567 2187 648 justitia

442 649 603 726 fidei,
631 671 813 730 quam
847 650 1113 711 maxime
1140 661 1376 734 oportet
1403 649 1556 711 tradi
1588 649 1646 709 in
1678 648 1949 722 ecclesia,
1970 650 2188 711 obscu-

439 745 621 807 ratur,
647 754 786 794 eum
819 732 934 794 illae
966 732 1231 794 mirificae
1260 733 1575 814 religiones
1605 731 1973 812 angelorum,
2001 731 2189 794 simu-

441 815 586 877 latio
627 814 995 898 paupertatis
1036 827 1099 876 et
1143 815 1519 888 humilitatis,
1546 826 1607 875 et
1641 814 1959 875 coelibatus
1998 812 2190 875 offun-

442 897 670 959 duntur
696 897 886 959 oculis
919 897 1255 958 hominum.

465 970 477 980 ’
527 980 817 1041 Praeterea
844 981 1239 1040 obscurantur
1266 990 1572 1062 praecepta-
1591 978 1735 1054 Dei,
1763 991 1824 1040 et
1851 999 2024 1039 verus
2062 976 2191 1039 cul-

442 1074 540 1124 tus
568 1062 710 1136 Dei,
738 1083 878 1123 cum
910 1060 1164 1122 audiunt
1193 1061 1487 1134 homines,
1515 1061 1671 1122 solos
1704 1061 2030 1123 monachos
2058 1081 2189 1123 esse

442 1145 505 1205 in
551 1156 710 1205 statu
752 1142 1155 1226 perfectionis,
1196 1143 1338 1224 quia
1380 1142 1668 1225 perfectio
1709 1143 2054 1206 Christiana
2096 1153 2190 1204 est

445 1227 599 1287 serio
654 1226 866 1287 timere
908 1224 1136 1297 Deum,
1178 1238 1240 1285 et
1288 1246 1491 1286 rursus
1542 1226 1856 1308 concipere
1901 1247 2186 1310 magnam

444 1308 652 1380 fidem,
679 1319 741 1368 et
782 1307 1082 1368 confidere
1125 1319 1368 1389 propter
1404 1306 1739 1381 Christum,
1766 1307 1932 1388 quod
1967 1308 2189 1378 habea?

446 1413 582 1451 mus
609 1390 816 1451 Deum
846 1389 1173 1472 placatum,
1202 1400 1404 1471 petere
1433 1411 1469 1449 a
1495 1388 1652 1462 Dec,
1680 1400 1742 1450 et
1769 1400 1933 1451 certo
1968 1409 2190 1474 expet>

441 1485 567 1534 tare
610 1471 903 1534 auxilium
943 1472 1006 1532 in
1044 1473 1329 1533 omnibus
1360 1473 1536 1532 rebus
1565 1471 1859 1554 gerendis,
1877 1471 2058 1553 juxta
2084 1494 2191 1535 vo-

443 1555 762 1617 cationem.
848 1554 1098 1615 Interim
1173 1553 1313 1615 foris
1383 1554 1703 1637 diligenter
1772 1554 1967 1617 facere
2030 1557 2190 1618 bona

440 1661 641 1721 opera,
683 1650 743 1698 et
793 1637 1007 1698 servire
1056 1636 1374 1698 vocationi.
1463 1637 1538 1697 In
1581 1638 1675 1698 his
1714 1638 1893 1700 rebus
1926 1650 2020 1700 est
2051 1659 2189 1700 vera

439 1720 748 1803 perfectio,
778 1731 841 1780 et
881 1741 1053 1780 verus
1096 1719 1292 1780 cultus
1331 1719 1471 1793 Dei,
1499 1742 1620 1780 non
1665 1731 1755 1781 est
1792 1721 1852 1781 in
1896 1720 2189 1784 coelibatu

444 1815 549 1865 aut
578 1802 982 1877 mendicitate,
1010 1813 1114 1863 aut
1142 1814 1306 1863 veste
1335 1801 1588 1863 sordida.
1674 1802 1900 1864 Verum
2007 1803 2188 1886 pulus

442 1885 707 1968 concipit
750 1885 968 1946 multas
1012 1884 1372 1967 perniciosas
1414 1907 1452 1944 o
1500 1885 1729 1946 iniones
1766 1906 1843 1946 ex
1880 1885 1921 1947 il
1947 1886 1997 1947 is
2024 1885 2188 1947 falsis

441 1966 756 2052 praeconiis
799 1967 939 2028 vitae
984 1968 1350 2028 monastieae.
1493 1967 1627 2028 udit
1669 1967 1797 2028 sine
1840 1967 2022 2028 modo
2063 1968 2191 2031 lau·

442 2051 568 2111 dari
618 2050 1005 2120 coelibatum;
1065 2048 1200 2109 ideo
1244 2071 1384 2110 eum
1436 2049 1762 2111 offensione
1809 2050 2191 2115 conscientie

443 2145 711 2195 versatur
759 2132 820 2192 in
873 2131 1170 2213 conjugio.
1257 2130 1447 2192 Audit
1496 2132 1653 2193 solos
1705 2131 2014 2194 mendicos
2060 2155 2227 2197 esse·

444 2216 759 2299 perfectos,
801 2213 937 2276 ideo
982 2236 1124 2276 cum
1173 2213 1498 2275 offensione
1546 2215 1926 2277 conscientioe
1973 2215 2193 2279 retinet

528 2298 867 2372 ssessioneS,
900 2298 1256 2379 negotiatur.
1342 2297 1533 2358 Audit
1575 2298 1891 2360 eonsilium
1937 2320 2191 2382 evange-

443 2321 627 2442 iigum
673 2403 803 2442 esse
844 2380 919 2441 de
962 2402 1084 2441 non
1128 2379 1507 2452 vindicando,
1534 2379 1670 2441 ideo
1713 2381 1811 2441 alii
1857 2381 1919 2441 in
1960 2381 2192 2463 privata

444 2463 566 2524 vita
611 2486 732 2524 non
782 2473 1062 2523 verentur
1101 2462 1330 2536 ulcisci,
1365 2462 1616 2523 audiunt
1658 2462 1819 2523 enim
1865 2462 2186 2527 consilium

444 2568 592 2619 esse,
633 2567 755 2605 non
800 2556 1188 2637 praeceptum.
1273 2544 1395 2605 Alii
1440 2566 1651 2606 omnes
1700 2545 2081 2626 magistratus
2126 2559 2191 2608 et

444 2627 645 2689 civilia
671 2627 867 2688 officia
885 2626 1162 2708 judicant
1193 2627 1440 2709 indigna
1468 2649 1597 2688 esse
1625 2628 2002 2690 Christianis.

520 2709 611 2771 Le
698 2720 839 2771 ntur
876 2730 1052 2770 exem
1099 2709 1156 2770 la
1199 2709 1535 2783 hominum,
1563 2711 1666 2791 qui
1705 2710 1943 2772 deserto
1978 2710 2189 2792 conju-

441 2791 561 2874 gio,
639 2802 830 2853 eserta
875 2791 1044 2886 reipu
1092 2792 1219 2853 licae
1268 2792 1799 2869 administratione,
1834 2792 2193 2856 abdiderunt

445 2898 510 2936 se
553 2875 614 2935 in
659 2885 1035 2935 monasteria.
1122 2874 1194 2936 Id
1239 2876 1534 2936 vocabant
1578 2875 1784 2959 fugere
1826 2898 1903 2937 ex
1944 2875 2192 2953 mundo,

447 2970 510 3019 et
554 2979 818 3039 quaerere
861 2956 998 3019 vitoe
1041 2978 1251 3040 genus,
1336 2957 1454 3019 uod
1499 2958 1636 3020 Deo
1681 2959 1870 3053 magis
1911 2958 2192 3042 placeret,

451 3063 563 3102 nec
596 3038 881 3102 videbant
908 3039 1046 3101 Deo
1074 2980 1450 3102 servienidum
1481 3063 1609 3102 esse
1637 3041 1700 3102 in
1731 3041 1847 3102 illis
1876 3040 2192 3118 mandatis,

448 3146 583 3204 quae
613 3123 743 3206 ipse
770 3121 1034 3196 tradidit,
1060 3144 1182 3184 non
1214 3123 1273 3183 in
1298 3123 1613 3197 mandatis,
1634 3146 1769 3205 quae
1788 3136 1930 3186 sunt
1950 3123 2193 3208 excogi-

446 3218 572 3267 tata
614 3206 691 3267 ab
735 3205 1100 3267 hominibus.
1185 3205 1429 3267 Bonum
1463 3220 1525 3267 et
1563 3208 1894 3289 perfeetum
1924 3206 2063 3269 vite
2086 3226 2192 3289 go·

452 3311 566 3360 nus
594 3300 705 3363 est,
730 3286 890 3370 quod
923 3288 1107 3350 habet
1136 3287 1483 3350 mandatum
1516 3289 1654 3351 Dei.
1738 3289 1840 3351 De
1881 3288 1976 3351 bis
2013 3287 2189 3350 rebus

453 3393 693 3432 necesse
731 3381 823 3432 est
860 3369 1181 3432 admonere
1225 3371 1519 3433 homines.
1605 3372 1686 3434 Et
1715 3383 1854 3434 ante
1883 3370 2011 3433 hnc
2035 3380 2191 3431 tem-

452 3474 596 3534 pora
636 3452 1020 3536 reprehendit
1059 3454 1289 3516 Gerson
1334 3475 1590 3516 errorem
1637 3451 2068 3516 monachorum
2110 3449 2188 3513 de

452 3534 835 3615 perfectione,
850 3547 911 3597 et
931 3547 1183 3598 testatur
1202 3537 1325 3598 suis
1347 3536 1718 3620 temporibus
1738 3552 1953 3596 novam
1975 3553 2186 3596 vocem

452 3615 651 3691 fuisse,
679 3618 839 3696 quod
869 3618 991 3679 vita
1019 3619 1350 3680 monastica
1377 3619 1454 3680 sit
1481 3629 1671 3680 status
1698 3614 2095 3700 perfectionis.
