2418 4172
862 339 1271 394 BBLGmA.
1825 324 1931 392 8'58

190 485 387 549 culmo
406 505 443 545 e
472 483 672 545 medio
698 482 959 557 tollatur,
980 502 1231 565 regnum
1257 479 1608 542 Antichristi
1638 479 1923 554 diruatur,

188 565 413 630 Christi
443 588 583 628 vero
622 586 876 648 regnum
919 586 1029 648 pro
1073 575 1296 646 agetur.
1380 560 1661 641 Denique
1706 562 1918 624 horum

186 660 280 712 est
322 648 574 724 efficere,
616 660 684 710 ut
726 668 958 711 sacrum
1067 645 1320 726 vangelii
1363 644 1610 704 verbum
1660 643 1924 725 undiquc

185 730 561 817 predicetur,
588 742 659 792 ut
683 730 901 812 singuli
931 749 1079 811 pure
1107 726 1309 787 Deum
1350 726 1544 788 colere
1571 735 1634 786 et
1660 727 1923 787 venerari

185 836 263 877 ex
291 814 637 899 prescripto
663 811 826 872 verbi
861 809 1048 893 ipsius
1077 809 1261 868 libere
1287 807 1534 890 possint.
1620 806 1923 869 Coeterum

185 896 387 959 cuncti
417 895 713 968 homines,
741 891 1155 973 cujuscunque
1185 890 1324 963 sint,
1353 889 1446 971 vel
1475 889 1801 984 dignitatis,
1830 891 1922 951 vel

185 976 566 1051 conditionis,
594 997 663 1037 ac
690 986 879 1037 status
919 973 1204 1056 legitimis
1234 973 1680 1055 magistratibus
1709 972 1923 1053 subjici

183 1061 424 1135 debent,
451 1059 687 1141 illisque
715 1057 1031 1140 vectigalia
1069 1077 1139 1118 ac
1180 1056 1404 1116 tributa
1443 1054 1722 1138 pendere,
1750 1067 1810 1116 et
1838 1057 1923 1116 eis

183 1143 247 1206 in
283 1142 570 1205 omnibus
606 1140 878 1222 obsequi,
909 1161 979 1200 ac
1010 1138 1252 1200 obedire
1279 1160 1413 1220 quae
1441 1139 1623 1198 verbo
1650 1137 1770 1199 Dei
1803 1160 1920 1198 non

182 1236 555 1309 repugnant:
609 1245 815 1308 preces
863 1222 1044 1283 etiam
1098 1243 1207 1304 pro
1256 1221 1327 1281 iis
1378 1220 1645 1295 fundere,
1696 1232 1763 1282 ut
1818 1243 1919 1282 eos

181 1307 356 1371 Deus
396 1307 460 1368 in
501 1307 786 1368 omnibus
827 1306 1093 1389 ipsorum
1134 1303 1468 1365 actionibus
1503 1302 1757 1385 dirigere
1794 1303 1926 1385 dig-

183 1401 393 1452 netur:
434 1411 546 1451 nos
571 1411 712 1451 vero
740 1389 925 1451 vitam
968 1387 1350 1468 tranquillam
1396 1398 1458 1447 et
1499 1387 1766 1467 quietam
1810 1387 1924 1447 sub

183 1472 330 1557 ipsis
371 1493 514 1534 cum
556 1471 724 1533 omni
766 1472 993 1555 pietate
1031 1482 1093 1530 et
1135 1471 1447 1530 honestate
1483 1469 1701 1530 ducere
1737 1469 1926 1552 possi-

184 1577 340 1617 mus.
410 1555 822 1623 Quamobrem
846 1552 1275 1634 Anabaptistas
1303 1563 1365 1612 et
1391 1552 1766 1612 turbulentos
1794 1574 1926 1612 om-

183 1658 293 1699 nes
316 1635 688 1698 detestamur
713 1635 816 1716 qui
861 1635 1191 1717 superiores
1218 1633 1658 1694 dominationes
1699 1645 1761 1694 et
1799 1656 1927 1694 ma·

180 1718 464 1802 gistntus
492 1717 802 1798 abjiciunt,
819 1716 958 1796 jura
1001 1738 1071 1776 ac
1102 1715 1335 1795 judicia
1369 1726 1738 1797 pervertunt,
1766 1716 1927 1775 bona

180 1800 388 1863 omnia
411 1800 760 1862 communia
786 1798 1035 1871 faciunt,
1057 1819 1129 1858 ac
1155 1797 1417 1877 denique
1445 1796 1684 1857 ordines
1713 1820 1924 1857 omnes

181 1905 256 1946 ac
294 1881 533 1967 gradus,
560 1903 712 1976 quos
753 1880 1079 1942 honestatis
1118 1879 1308 1962 gratia
1335 1879 1504 1940 Deus
1544 1880 1700 1940 inter
1727 1880 1925 1941 homi-

181 1987 290 2027 nes
316 1964 650 2040 constituit,
679 1964 922 2025 abolent
949 1974 1054 2023 aut
1081 1962 1481 2024 confundunt.

262 2045 606 2108 xxxvll.
649 2048 959 2107 Postremo
985 2044 1283 2105 credimus
1311 2066 1386 2105 ex
1417 2044 1536 2104 Dei
1566 2045 1768 2116 verbo,
1797 2044 1927 2105 Do-

186 2130 421 2191 minum
472 2138 744 2190 nostrum
785 2129 1002 2190 Jesum
1041 2126 1351 2187 Christum
1404 2125 1531 2204 (ubi
1591 2138 1834 2209 tempus
1892 2150 1927 2188 a

181 2212 324 2274 Deo
377 2211 799 2295 prutitutum,
849 2222 911 2271 at
965 2209 1247 2270 omnibus
1295 2209 1577 2269 creaturis
1626 2209 1925 2290 ignotum,

182 2293 506 2368 advenerit,
542 2305 604 2354 et
645 2314 930 2355 numerus
973 2292 1299 2352 electorum
1342 2291 1521 2352 fuerit
1562 2291 1923 2373 completus)

181 2398 220 2439 e
259 2376 420 2438 eoelo
460 2397 660 2437 rursus
688 2388 1030 2449 venturum,
1058 2374 1239 2456 idque
1276 2373 1660 2456 corporaliter
1688 2396 1757 2435 ac
1786 2374 1926 2434 visi-

182 2459 420 2521 biliter:
462 2459 636 2520 sicuti
678 2458 825 2519 olim
874 2457 1016 2518 illuc
1055 2456 1338 2531 ascendit,
1367 2478 1605 2516 summa
1642 2468 1920 2517 ornatum

181 2540 370 2625 gloria
395 2552 460 2602 et
486 2540 818 2621 majestate,
840 2551 907 2601 ut
925 2539 1130 2600 Judex
1153 2540 1423 2600 vivorum
1454 2549 1516 2598 et
1546 2550 1920 2599 mortuorum

181 2634 481 2708 appareat,
518 2635 718 2685 vetere
766 2623 883 2684 hoc
930 2622 1161 2684 mundo
1210 2622 1349 2703 igne
1398 2632 1487 2690 et,
1508 2622 1751 2681 flamma
1794 2644 1924 2682 suc-

182 2727 384 2779 censo,
413 2717 481 2766 ut
519 2706 690 2767 illum
720 2706 1021 2790 purificet.
1103 2705 1280 2765 Tunc
1308 2726 1448 2764 vero
1481 2715 1764 2764 creaturae
1795 2726 1925 2763 om-

183 2809 312 2862 nes,
333 2800 397 2848 et
422 2799 546 2848 tam
571 2789 701 2861 viri,
728 2811 910 2870 quam
945 2788 1223 2848 mulieres
1251 2798 1313 2847 et
1339 2787 1597 2847 infantes
1627 2798 1925 2867 quotquot

185 2868 327 2931 inde
353 2870 431 2930 ab
458 2869 632 2931 initio
658 2893 849 2952 usque
888 2870 962 2931 ad
996 2874 1175 2931 finem
1218 2868 1427 2930 mundi
1467 2868 1792 2940 extiterint,
1822 2891 1925 2928 co-

185 2973 314 3013 ram
357 2973 599 3012 summo
638 2953 754 3014 hoc
779 2952 999 3015 Judice
1037 2953 1489 3035 comparebunt,
1519 2973 1592 3010 eo
1635 2951 1922 3012 nimirum

186 3056 333 3096 voce
372 3034 865 3117 archangelorum
907 3046 971 3095 et
1010 3037 1155 3095 tuba
1197 3035 1315 3095 Dei
1359 3033 1606 3094 evocati.
1691 3034 1923 3094 Omnes

185 3117 350 3177 enim
385 3127 562 3178 antea
589 3118 808 3178 mortui
837 3139 872 3177 e
899 3128 1053 3178 terra
1080 3130 1226 3178 tunc
1263 3126 1591 3197 resurgent,
1622 3115 1833 3197 spiritu
1863 3126 1926 3177 et

189 3199 392 3260 anima
418 3199 789 3292 singulorum
821 3221 1019 3260 rursus
1048 3200 1368 3279 conjuncta
1396 3211 1457 3258 et
1487 3198 1652 3257 unita
1683 3199 1926 3291 proprio

187 3303 297 3342 suo
321 3303 552 3364 corpori
591 3282 655 3342 in
695 3303 817 3363 quo
846 3282 1090 3342 vixerat.
1176 3282 1298 3349 Qui
1343 3302 1517 3362 porro
1561 3280 1663 3339 illo
1706 3280 1922 3342 ultimo

186 3363 284 3424 die
328 3363 675 3446 superstites
723 3374 899 3424 erunt
945 3384 1324 3443 nequaquam
1378 3362 1706 3422 morientur
1756 3384 1923 3423 more

187 3445 572 3526 reliquorum,
595 3445 698 3506 sed
729 3445 788 3505 in
818 3457 1128 3506 momento
1156 3458 1216 3504 et
1234 3444 1402 3524 jactu
1433 3444 1610 3516 oculi,
1640 3444 1925 3506 immuta-

190 3529 413 3589 buntur
448 3550 483 3589 a
524 3527 921 3610 corruptione,
946 3525 1223 3587 videlicet
1265 3528 1327 3586 in
1374 3525 1776 3609 incorruptam
1818 3549 1925 3589 na-

187 3620 405 3673 turam.
488 3611 665 3672 Tunc
708 3609 1044 3690 aperientur
1084 3608 1217 3669 libri
1261 3608 1574 3688 (nimirum
1618 3609 1925 3672 conscien-

1012 3713 1049 3750 A
1081 3714 1115 3752 a

1638 3771 1672 3785 l
