2418 4172
356 370 463 422 DE
506 370 1174 424 PERSEVERANTIA
1215 371 1727 426 SANCTORUM.
1846 375 1952 428 4⁴8

203 519 438 593 peccat,
470 513 714 595 (nempe
743 513 844 572 illo
880 513 1109 608 pcccati
1147 516 1406 594 genere‚)
1437 514 1546 573 sed
1574 515 1680 595 qui
1703 517 1952 609 genitus

212 612 278 654 es
309 603 405 654 tex
433 594 588 668 Deo,
619 603 933 656 conservat
956 614 1239 676 serp-mm,
1269 602 1330 655 et
1357 594 1667 677 malignus
1696 596 1802 657 alle
1834 620 1950 659 non

211 676 417 758 tangit
442 698 595 737 eum.
1047 757 1104 815 v

294 840 416 910 Qui
455 839 694 911 docent,
722 838 1025 899 “Nullam
1059 839 1479 901 certitudinem
1511 841 1724 901 futurae
1756 864 1953 924 perse-

209 929 247 969 “-
274 921 555 983 verantioe
596 921 797 980 haberi
829 941 1003 1003 posse
1033 920 1092 979 in
1126 919 1238 980 hac
1275 921 1415 994 vita,
1448 924 1671 1004 absque
1714 926 1951 1006 speciali

208 1010 248 1040 ‘⁸
276 1003 682 1065 revelatione?⁹
752 1003 864 1063 Per
896 1003 1050 1061 lianc
1075 1002 1235 1062 enim
1268 1003 1599 1065 doctrinam
1634 1027 1768 1065 vere
1806 1007 1953 1066 fide-

209 1084 363 1148 lium
395 1084 584 1145 solida
613 1085 941 1150 consolatio
971 1084 1033 1143 in
1066 1084 1178 1146 hac
1209 1085 1326 1145 vita
1357 1088 1601 1160 tollitur,
1623 1100 1683 1148 et
1712 1089 1954 1170 pontifl-

209 1166 436 1229 ciorum
496 1166 793 1230 dubitatio
849 1167 909 1226 in
968 1166 1300 1227 Ecclesiam
1371 1169 1690 1230 reducitur.
1764 1172 1954 1231 Sacra

209 1270 350 1311 vero
377 1249 685 1332 Scriptura
734 1249 955 1332 passim
1013 1249 1168 1309 banc
1218 1251 1657 1326 certitudinem,
1702 1275 1821 1313 non
1876 1275 1950 1314 ex

211 1331 452 1415 speciali
482 1343 543 1391 et
571 1330 1037 1392 extraordinaria
1066 1331 1442 1408 revelatione,
1463 1334 1565 1395 sed
1595 1355 1669 1394 ex
1700 1336 1952 1418 propriis

210 1414 475 1475 filiorum
506 1413 623 1475 Dei
665 1414 869 1497 signis,
899 1425 961 1473 et
1002 1415 1499 1476 constantissimis
1533 1416 1653 1477 Dei
1696 1416 1953 1499 promis-

210 1496 480 1558 sionibus
597 1496 688 1557 tit.
775 1495 1086 1577 Imprimis
1129 1496 1455 1578 Apostolus
1502 1499 1739 1574 Paulus,
1771 1499 1951 1560 Rom.

211 1578 334 1640 viii.
361 1589 464 1655 39.
566 1578 697 1639 ulla
723 1600 824 1640 res
852 1586 1062 1638 creata
1085 1586 1283 1658 potest
1310 1602 1418 1640 nos·
1443 1602 1735 1662 separare
1755 1603 1797 1642 a
1813 1582 1954 1642 clla-

211 1660 400 1731 n‘tcte
425 1658 572 1734 Dei,
601 1682 732 1743 quoe
760 1668 850 1721 est
877 1661 943 1720 fn
979 1659 1219 1720 Christo
1237 1660 1412 1733 Jesu,
1436 1663 1702 1724 Domino
1729 1673 1951 1724 nostro,

210 1740 296 1805 Et
318 1741 653 1815 Jobannes,
683 1741 880 1824 Epist.
910 1752 960 1801 l.
990 1763 1120 1822 cap.
1139 1741 1220 1801 iii.
1253 1756 1351 1804 24.
1386 1744 1516 1808 Qui
1546 1754 1749 1806 servat
1788 1766 1955 1806 man-

210 1823 362 1887 data
388 1823 538 1907 dus,
564 1825 631 1885 in
662 1846 727 1885 eo
755 1831 980 1897 manet,
1009 1831 1068 1883 et
1098 1823 1204 1883 ille
1230 1828 1297 1885 in
1326 1847 1393 1885 eo
1417 1850 1438 1885 .·
1485 1835 1546 1887 et
1564 1848 1684 1907 per
1710 1828 1819 1887 hoc
1852 1850 1955 1887 no-

211 1907 407 1970 vinnm
441 1908 639 1988 ipsum
680 1908 747 1967 in
779 1907 947 1967 nobis
982 1927 1242 1980 manere,
1272 1929 1346 1968 ex·
1376 1909 1618 1989 Spiritu
1651 1931 1823 1991 quem
1853 1910 1954 1970 de-

212 1990 303 2051 dit
323 1989 511 2051 nobis.

1027 2073 1135 2133 VI.

268 2186 270 2188 v
296 2156 420 2225 Qui
449 2154 686 2226 docent,
713 2161 749 2188 “
771 2153 1127 2215 Doctrinam
1158 2154 1234 2215 dc
1262 2157 1710 2238 perseverantiae
1749 2180 1818 2218 ac
1860 2180 1954 2218 sa-

212 2245 248 2274 “
277 2238 417 2300 lutis
446 2233 821 2310 certitudine,
850 2259 925 2296 ex
955 2248 1166 2297 natura
1194 2249 1255 2297 et
1284 2237 1484 2299 indole
1513 2262 1636 2310 sua,
1665 2262 1793 2299 esse
1826 2262 1953 2300 car-

211 2328 251 2357 “
280 2320 372 2380 nis
413 2320 708 2402 pulvinar,
749 2331 810 2378 et
853 2319 1080 2400 pietati,
1124 2320 1296 2380 bonis
1349 2322 1633 2395 moribus,
1678 2321 1952 2404 precibus

213 2410 253 2440 ‘⁴
280 2403 378 2464 alii
454 2424 528 2462 ue
556 2401 779 2462 sanctis
808 2402 1106 2462 exercitiis
1137 2402 1415 2472 noxiam3
1459 2414 1665 2463 contra
1701 2425 1841 2463 vero
1876 2403 1952 2464 de

211 2492 249 2522 “
275 2506 347 2546 ea
380 2424 693 2557 egubium,
741 2506 869 2543 esse
925 2483 1268 2544 laudabile.”
1340 2485 1425 2545 Hi
1484 2487 1645 2546 enim
1704 2486 1954 2546 demon-

213 2578 402 2629 strant
442 2590 507 2628 se
547 2566 872 2628 efficaciam
920 2566 1136 2627 divinae
1180 2567 1404 2649 gratiae,
1447 2580 1510 2628 et
1564 2568 1952 2628 inhabitantis

213 2649 471 2734 Spiritus
515 2649 579 2710 S.
624 2648 1030 2731 operationem
1076 2649 1379 2730 ignorare:
1437 2661 1497 2710 et
1539 2650 1954 2711 contradicunt

212 2732 506 2815 Apostolo
547 2731 818 2793 Johanni
863 2731 1224 2791 contrarium
1282 2732 1514 2792 disertis
1559 2732 1750 2792 verbis
1801 2731 1954 2791 affir-

216 2814 426 2885 manti,
460 2813 654 2898 Epist.
684 2826 734 2874 1.
764 2813 991 2894 cap.iii.
1024 2827 1082 2886 2,
1108 2824 1169 2873 3.
1203 2814 1438 2874 Dilecta·
1473 2815 1609 2887 mei,
1637 2812 1955 2895 nuncfilii

215 2896 345 2959 Dei
381 2918 631 2967 sumus3
685 2896 795 2956 sed
835 2895 1097 2955 nondum
1135 2895 1516 2978 patefactum
1560 2904 1650 2956 est
1691 2897 1759 2956 id
1795 2897 1958 2977 quod

216 2980 479 3042 erimus:
522 2980 745 3041 scimus
787 2976 1179 3060 autemfore,
1210 2986 1277 3038 ut
1315 2978 1548 3074 quami
1587 2999 1653 3038 se
1672 2975 1954 3060 patffac-

215 3061 554 3147 transverit,
581 3052 897 3123 simileffeae‘
922 3060 1127 3132 simus,
1155 3082 1432 3141 quomam
1452 3061 1513 3121 vi
1552 3061 1779 3121 ebimus
1802 3082 1952 3135 eum,

213 3146 399 3206 sicuti
427 3153 532 3205 est.
617 3144 705 3204 Et
732 3142 1001 3224 quisquis
1028 3142 1205 3203 habet
1233 3143 1389 3202 Ιιαηε
1407 3164 1571 3224 spem
1594 3144 1656 3202 in
1679 3164 1762 3212 eo,
1775 3144 1952 3223 puri-

190 3224 367 3308 ficat
391 3227 673 3307 seips-um,
702 3226 860 3286 sicut
899 3232 959 3284 et
997 3224 1104 3285 ille
1128 3247 1329 3306 purus
1357 3233 1463 3285 est.
1552 3225 1638 3285 Hi
1669 3236 1951 3307 praeterea

216 3321 555 3369 sanctorum
596 3320 718 3367 tam
749 3306 980 3366 Veteris
1023 3329 1203 3400 quam
1236 3307 1398 3367 Novi
1436 3307 1804 3367 Testamenti
1847 3328 1951 3368 ex·

214 3390 429 3473 emplis
473 3389 925 3471 redarguuntur,
953 3410 1053 3470 qm
1098 3389 1237 3449 licet
1273 3388 1347 3448 dc
1386 3411 1492 3450 sua
1521 3388 1951 3472 perseverantia

214 3486 277 3534 et
319 3474 506 3534 salute
549 3483 746 3532 essent
794 3471 958 3543 certi,
1002 3471 1060 3530 in
1095 3470 1388 3552 'precibus
1437 3483 1659 3546 tamen,
1703 3470 1951 3552 aliisque

215 3556 453 3638 pietatis
482 3553 797 3626 exercitiis,
827 3553 1045 3614 assidui
1075 3553 1331 3614 suerunt.

1645 3731 1680 3746 l
