2418 4172
458 355 567 412 886
1084 354 1573 411 CONFESSIO

460 499 525 561 in
553 519 675 581 qua
700 497 976 560 Christus
1007 496 1134 590 ipse
1164 520 1286 560 non
1317 496 1395 559 sit
1422 497 1587 580 prius
1608 507 1919 594 operatus:
1962 496 2126 580 quod
2145 508 2208 559 et

462 582 479 643 i
527 603 591 646 se
617 603 726 644 nos
755 581 951 654 docet,
978 579 1204 654 dicens,
1235 580 1382 642 Sine
1409 602 1505 641 me
1531 579 1690 642 nibal
1706 581 1963 661 potestis
1959 578 2209 664 facere,

541 676 646 727 att.
678 686 778 726 xx.
805 676 900 741 29.
931 675 993 724 et
1018 674 1120 725 30.
1152 664 1307 726 Gen.
1339 665 1376 724 i.
1410 663 1508 726 26.
1536 662 1768 725 Eccles.
1791 662 1892 724 vii.
1914 675 2015 726 30.
2042 663 2207 747 pr.

464 747 543 810 iv.
573 760 670 810 24.
709 748 863 809 Psal.
894 747 1043 808 xlix.
1086 746 1203 808 Isa.
1235 747 1338 808 lix.
1371 760 1425 808 2.
1467 748 1623 809 Gen.
1654 746 1773 807 viii.
1807 757 1900 822 17.
1947 745 2128 808 Rom.
2153 767 2211 807 v.

473 843 567 894 12.
612 830 795 892 Rom.
826 830 907 891 iii.
944 842 1037 891 10.
1077 831 1280 891 Actor.
1310 830 1383 891 iv.
1427 830 1516 892 16.
1565 843 1585 891 1
1627 830 1779 911 Reg.
1809 830 1847 890 i.
1878 842 1976 890 20.
2011 840 2076 891 et
2113 841 2212 891 21.

467 914 606 976 Act.
645 913 788 975 xvii.
827 924 927 988 27.
971 912 1136 995 pr.
1175 934 1230 974 v.
1273 924 1332 975 8.
1376 914 1557 975 Joan.
1592 913 1627 973 i.
1671 925 1728 975 6.
1772 912 1888 974 Isa.
1920 912 2083 974 xxvi.
2121 924 2212 974 12.

469 995 623 1059 Psal.
653 996 806 1057 xciv.
846 1008 938 1056 11.
974 996 1154 1058 Joan.
1186 995 1266 1056 iii.
1300 1007 1398 1071 27.
1434 996 1616 1057 Joan.
1645 997 1722 1056 vi.
1752 1008 1852 1057 44.
1883 995 2062 1056 Rom.
2092 994 2214 1056 viii.

470 1088 531 1154 7.
582 1091 606 1139 1
645 1079 784 1140 Cor.
816 1077 875 1139 ii.
913 1089 1002 1139 14.
1049 1091 1085 1139 2
1116 1077 1255 1139 Cor.
1291 1078 1373 1139 iii.
1410 1091 1465 1140 6.
1513 1078 1774 1161 Philipp.
1803 1078 1867 1139 ii.
1903 1088 1995 1139 13.
2035 1077 2217 1140 Joan.

470 1182 568 1225 XV.
599 1174 656 1223 5.

554 1242 696 1304 XV.
754 1239 1074 1303 Credimus
1129 1239 1351 1302 Adami
1417 1239 1823 1303 inobedientia
1880 1252 2221 1385 peccatum,

473 1324 637 1407 quod
691 1333 910 1386 vocant
963 1323 1229 1406 originis,
1272 1323 1335 1383 in
1385 1334 1584 1386 totum
1634 1346 1824 1406 genus
1926 1345 2219 1385 umanum

474 1428 768 1492 sparsum,
809 1418 871 1468 et
914 1406 1168 1467 effusum
1219 1405 1420 1467 fuisse.
1502 1405 1618 1467 Est
1659 1418 1860 1467 autem
2087 1416 2219 1468 tum

474 1490 719 1574 originis
749 1490 1051 1573 corruptio
1080 1489 1263 1550 totius
1293 1502 1539 1563 naturae,
1567 1500 1628 1550 et
1655 1489 1869 1551 vitium
1956 1488 2227 1551 aeredita·

476 1574 655 1649 rium,
697 1595 819 1655 quo
867 1583 930 1634 et
979 1572 1094 1656 ipsi
1140 1571 1395 1635 infantes
1439 1572 1500 1633 in
1548 1573 1752 1633 matris
1796 1585 1967 1634 utero
2006 1571 2224 1656 polluti

478 1668 655 1719 sunt:
707 1654 992 1737 quodque
1041 1655 1206 1716 velut
1250 1655 1432 1717 noxia
1480 1655 1755 1736 quoedam
1809 1655 1999 1730 radix,
2036 1677 2225 1738 genus

478 1761 660 1801 omne
709 1749 1093 1821 peccatorum
1144 1738 1205 1798 in
1258 1738 1504 1799 homine
1549 1739 1976 1821 progerminat,
2013 1749 2227 1819 estque

479 1833 605 1884 tam
651 1833 750 1883 tur
792 1844 826 1882 e
868 1831 931 1881 et
971 1821 1304 1882 execrabile
1346 1842 1545 1882 coram
1577 1821 1734 1894 Deo,
1762 1833 1831 1882 ut
1863 1820 1938 1883 ad
1969 1820 2227 1883 universi

480 1904 714 1988 generis
750 1844 1006 1965 bumani
1049 1896 1610 1964 condemnationem
1650 1902 1926 1966 sufficiat.
2007 1902 2231 1985 Neque

481 2010 624 2049 vero
653 2009 759 2071 per
786 1986 1158 2069 baptismum
1188 1985 1336 2047 illud
1364 1986 1605 2068 penitus
1627 1986 1923 2067 extingui,
1944 1996 2051 2047 aut
2075 1986 2233 2048 radi-

483 2071 639 2134 citus
681 2069 858 2130 evelli
900 2066 1265 2129 credendum
1311 2080 1419 2144 est,
1456 2067 1945 2150 quandoquidem
1990 2089 2066 2130 ex
2110 2068 2235 2143 illo,

483 2165 773 2234 tanquam
818 2174 895 2214 ex
938 2162 1220 2235 corrupta
1261 2151 1642 2234 scaturigine,
1758 2148 1953 2235 rpetui
1996 2152 2235 2227 fluctus,

485 2248 667 2318 atque
694 2235 869 2297 rivuli
900 2233 1133 2297 assidue
1154 2234 1523 2310 exoriuntur,
1542 2246 1604 2297 et
1632 2257 1665 2296 e
1729 2246 1915 2297 uuntz
1958 2234 2236 2329 quamvis

486 2319 627 2382 filiis
647 2318 770 2381 Dei
800 2318 863 2380 in
894 2317 1457 2381 condemnationem
1490 2340 1611 2380 non
1643 2317 1817 2379 cedat
1844 2329 1949 2380 aut
1975 2328 2239 2413 impute-

488 2414 604 2474 tur,
634 2401 739 2464 sed
782 2423 856 2463 ex
899 2423 1050 2485 pura
1078 2401 1198 2463 Dei
1238 2400 1429 2483 gratia
1465 2412 1528 2462 et
1569 2400 1972 2463 misericordia
2000 2400 2121 2462 illis
2148 2422 2239 2461 re-

491 2485 802 2547 mittatur:
847 2506 967 2546 non
1001 2495 1070 2544 ut
1101 2483 1243 2545 huic
1272 2483 1607 2545 remissioni
1631 2483 2003 2545 confidentes
2022 2483 2240 2545 obdor-

489 2567 703 2640 miant,
744 2566 845 2628 sed
892 2577 959 2628 ut
1005 2589 1182 2628 sensu
1230 2566 1410 2646 hujus
1452 2567 1872 2648 corruptionis,
1913 2566 2238 2628 crebriores

491 2650 753 2734 gemitus
796 2650 855 2710 in
898 2647 1175 2711 fidelibus
1212 2649 1452 2720 excitet,
1482 2661 1669 2730 utque
1696 2671 1769 2709 eo
1798 2648 2103 2712 ardentius
2130 2670 2242 2732 op-

492 2745 626 2795 tent
668 2754 731 2793 se
775 2733 851 2794 ab
891 2732 1008 2795 hoc
1045 2754 1292 2815 corpore
1322 2734 1530 2794 mortis
1561 2732 1814 2794 liberari.
1899 2731 2070 2795 Hinc
2096 2753 2243 2815 eigo

495 2815 950 2898 pelagianorum
995 2837 1253 2877 errorem
1301 2814 1681 2887 damnamus,
1723 2815 1826 2896 qui
1873 2815 1990 2878 boc
2031 2837 2244 2912 pecca·

495 2910 628 2961 tum
672 2897 918 2982 originis
961 2898 1111 2959 nihil
1154 2897 1315 2960 aliud
1353 2920 1480 2959 esse
1517 2910 1805 2973 asserunt,
1832 2920 2015 2980 quam
2046 2899 2245 2960 imita·

497 2984 746 3045 tionem.
836 2981 988 3043 Phil.
1018 2981 1078 3043 ii.
1114 2992 1205 3043 13.
1248 2981 1425 3043 Joan.
1456 3003 1552 3043 xv.
1585 2995 1640 3045 5.
1686 2982 1838 3043 Psal.
1870 2981 1929 3043 li.
1957 2991 2016 3057 7.
2063 2981 2245 3043 Rom.

499 3065 582 3127 iii.
613 3077 704 3126 10.
737 3065 894 3127 Gen.
917 3063 1070 3126 vi.3.
1097 3064 1278 3127 Joan.
1302 3064 1382 3126 iii.
1412 3063 1473 3127 6.
1508 3065 1687 3127 Rom.
1708 3086 1763 3126 v.
1800 3077 1894 3127 14.
1922 3064 2089 3149 Eph.
2117 3064 2157 3126 i.
2187 3075 2245 3127 ⁵.

503 3149 684 3211 Rom.
712 3147 811 3209 vii.
847 3158 940 3209 18.
972 3161 1067 3210 24.

583 3230 761 3293 XVI.
804 3229 1124 3293 Credimus
1164 3229 1371 3293 Deum
1413 3231 1833 3314 (posteaquam
1867 3241 1997 3293 tota
2023 3228 2244 3293 Adami

502 3315 737 3376 soboles
766 3313 852 3376 sic
881 3313 941 3376 in
972 3314 1370 3398 perditionem
1395 3326 1457 3375 et
1477 3314 1752 3386 exitium,
1774 3314 1955 3397 primi
1985 3310 2248 3375 hominis

504 3398 702 3480 culpa,
731 3397 1100 3481 proecipitata
1128 3397 1267 3479 fuit)
1298 3397 1563 3482 seipsum
1586 3397 1769 3459 talem
1792 3396 2248 3467 demonstrasse,

505 3502 574 3541 ac
607 3480 958 3623 groestitisse
996 3481 1191 3563 qualis
1224 3492 1316 3543 est
1344 3502 1565 3553 revera,
1594 3480 1903 3554 nimirum,
1929 3489 1994 3540 et
2020 3474 2250 3538 miseri-

506 3583 606 3622 cor
648 3584 745 3623 em
776 3574 839 3624 et
856 3563 1132 3643 justum:
1178 3562 1619 3626 misericordem
1651 3561 1917 3644 quidem,
1942 3579 2046 3621 eos
2077 3557 2251 3621 dam-

509 3644 749 3705 natione
793 3657 855 3706 et
904 3646 1146 3709 interitu
1198 3645 1508 3709 liberando
1548 3657 1612 3707 et
1651 3640 1959 3717 servando,
1991 3662 2143 3723 quos
2186 3641 2249 3703 in
