2418 4172
825 338 1368 393 HELVETICA.
1894 347 1962 402 91

221 480 310 543 ab
329 477 595 543 eeclesiis
614 480 833 541 nostris
853 479 1207 542 custoditur.
1250 480 1675 541 observationi
1696 482 1968 548 Judaicoe

224 573 291 624 α
329 562 857 646 superstitionibus
899 562 1052 624 nihil
1099 562 1200 624 hic
1241 563 1667 645 permittimus.
1749 563 1970 646 Neque

222 642 390 707 nim
425 644 672 706 alteram
702 644 864 711 diem
891 645 1082 706 altera
1110 646 1467 707 sanctiorem
1497 667 1628 706 esse
1654 645 1973 723 credimus,

450 727 643 789 otium
684 727 821 790 Deo
865 750 970 810 per
1011 750 1074 788 se
1117 729 1352 810 probari
1397 729 1837 803 existimamus,
1866 730 1971 791 sed

219 820 291 872 vet
440 808 723 871 minicam
771 833 891 871 non
943 812 1283 886 sabbatum,
1327 811 1512 872 libera
1557 812 1974 874 observatione

225 891 618 957 celebramus.

223 1016 225 1018 -
310 974 600 1037 Proterea
627 975 677 1036 si
707 975 992 1050 ecclesioe,
1020 998 1129 1058 pro
1157 975 1506 1037 Christiana
1536 976 1828 1049 libertate,
1851 997 1975 1037 me·

219 1055 483 1138 ..oriam
510 1057 855 1120 Dominicae
875 1059 1224 1134 nativitatis,
1242 1058 1738 1133 circumcisionis,
1757 1059 1977 1141 passio-

227 1138 324 1203 nis
350 1151 414 1201 et
441 1142 909 1216 resurrectionis,
938 1142 1300 1203 ascensionis
1338 1141 1486 1204 item
1528 1142 1592 1202 in
1636 1142 1886 1217 coelum,
1914 1154 1977 1203 et

227 1221 535 1286 n‘nsionis
562 1224 770 1287 Sancti
801 1225 1062 1308 Spiritus
1101 1225 1165 1286 in
1201 1225 1550 1310 discipulos,
1577 1225 1853 1308 religiose
1881 1247 1978 1286 ce-

228 1305 483 1381 lebrent,
510 1307 921 1390 maximopere
961 1309 1384 1391 approbamus.
1471 1308 1650 1369 Festa
1677 1330 1836 1384 vero,
1868 1308 1979 1369 ho-

233 1387 498 1451 minibus
526 1402 631 1451 aut
657 1389 810 1451 divis
840 1391 1132 1466 instituta,
1161 1413 1284 1452 non
1314 1392 1660 1486 probamus.
1724 1390 1810 1452 Et
1836 1412 1979 1452 sane

231 1471 537 1555 pertinent
572 1473 734 1534 ferias
782 1473 857 1534 ad
906 1474 1176 1535 tabulam
1222 1475 1369 1568 legis
1455 1474 1692 1547 rimam,
1734 1485 1797 1535 et
1838 1484 1980 1535 sunt

228 1553 418 1615 solius
442 1553 601 1616 Dei:
642 1554 907 1636 denique
937 1556 1165 1617 habent
1189 1557 1355 1617 feriae
1435 1557 1544 1617 ivis
1582 1557 1891 1630 institutoe,
1917 1567 1981 1617 et

223 1659 272 1697 ι
310 1636 487 1698 nobis
529 1638 851 1719 abrogatoe,
886 1639 1163 1713 absurda,
1189 1638 1445 1712 inutilia,
1471 1639 1847 1718 minimeque
1887 1649 1981 1698 to—

234 1717 474 1780 leranda
529 1719 808 1801 plurima.
886 1720 1138 1780 Interim
1198 1720 1462 1780 fatemur
1516 1742 1637 1780 non
1690 1719 1983 1780 inutiliter

224 1812 578 1864 morum
625 1801 1000 1876 memoriam,
1029 1825 1139 1863 suo
1182 1802 1317 1864 loco
1358 1813 1422 1863 et
1462 1813 1758 1885 tempore,
1784 1801 1847 1863 in
1891 1824 1984 1863 sa-

227 1882 348 1947 eris
393 1883 787 1946 concionibus
836 1886 1064 1969 populo
1118 1884 1551 1960 commendari,
1596 1897 1659 1946 et
1697 1885 1982 1947 omnibus

233 1977 442 2029 sancta
466 1968 751 2051 exempla
777 1980 1120 2030 sanctorum
1151 1968 1445 2030 imitanda
1473 1968 1746 2051 proponi.

319 2049 567 2119 Quanto
594 2072 734 2111 vero
763 2051 1000 2132 gravius
1029 2063 1271 2112 accusat
1298 2052 1526 2113 Christi
1565 2051 1819 2112 ecclesia
1859 2073 1986 2111 cra-

238 2131 468 2216 pulam,
494 2132 867 2208 ebrietatem,
882 2146 944 2194 et
970 2156 1216 2195 omnem
1246 2134 1558 2195 libidinem
1591 2157 1662 2194 ac
1689 2135 1988 2216 intempe-

238 2214 516 2289 rantiam,
545 2225 716 2277 tanto
743 2216 1162 2278 vehementius
1196 2216 1584 2279 commendat
1621 2217 1796 2278 nobis
1828 2216 1989 2297 jeju-

238 2297 413 2360 nium
439 2297 876 2359 Christianum.
944 2299 1062 2360 Est
1086 2300 1251 2360 enim
1271 2299 1579 2380 jejunium
1614 2300 1774 2361 aliud
1814 2299 1986 2370 nihil,

236 2401 423 2463 quam
454 2380 817 2443 abstinentia
844 2393 910 2443 et
941 2383 1341 2465 temperantia
1377 2382 1640 2466 piorum,
1668 2382 1988 2466 disciplina

238 2463 406 2538 imm,
432 2463 727 2538 mstodia,
745 2476 808 2526 et
827 2465 1139 2547 castigatio
1166 2465 1361 2526 carnis
1390 2477 1629 2538 nostrai,
1648 2488 1758 2548 pro
1785 2486 1991 2525 neces·-

232 2546 416 2610 sinte
433 2546 714 2629 praesenti
731 2559 1027 2631 suscepta,
1046 2570 1168 2630 qua
1188 2548 1584 2610 humiliamur
1605 2570 1804 2609 coram
1829 2547 1988 2622 Deo,

236 2641 306 2692 et
329 2629 493 2692 carni
524 2652 634 2692 sua
658 2630 930 2692 fomenta
956 2631 1350 2705 detrahimus,
1378 2654 1500 2714 quo
1531 2631 1766 2693 facilius
1800 2630 1991 2692 liben-

239 2711 485 2794 tiusque
514 2713 751 2796 spiritui
790 2726 1011 2798 pareat.
1098 2714 1359 2775 Proinde
1400 2737 1523 2776 non
1558 2714 1856 2797 jejunant,
1884 2714 1989 2794 qui

242 2795 495 2857 istorum
523 2797 751 2859 nullam
782 2799 1076 2859 rationem
1103 2798 1348 2871 habent,
1367 2798 1473 2860 sed
1484 2797 1761 2878 jejunare
1782 2819 1846 2857 se
1868 2819 1993 2857 cre-

243 2877 402 2940 dunt
441 2878 492 2939 si
529 2881 716 2941 semel
759 2880 821 2941 in
863 2881 962 2943 die
1004 2882 1258 2942 farciant
1281 2892 1574 2952 ventrem,
1601 2892 1663 2940 et
1704 2891 1868 2941 certo
1895 2881 1989 2940 vel

245 2961 594 3045 ptoescripto
620 2973 893 3046 tempore
920 2987 958 3025 a
988 2964 1164 3026 certis
1207 2964 1548 3025 abstineant
1590 2963 1760 3037 cibis,
1789 2962 1995 3023 existi-

249 3056 485 3106 mantes
513 3045 629 3108 boc
655 3067 837 3131 opere
863 3059 1111 3130 operato
1139 3070 1204 3109 se
1229 3047 1370 3109 Deo
1397 3047 1649 3130 placere,
1678 3057 1740 3106 et
1763 3047 1992 3107 bonum

245 3147 402 3210 opus
443 3126 659 3189 facere.
724 3128 1046 3210 Jejunium
1091 3142 1183 3191 est
1228 3130 1661 3191 adminiculum
1710 3127 1995 3189 orationis

249 3220 591 3272 sanctorum
622 3234 694 3272 ac
720 3213 1013 3275 virtutum
1042 3213 1339 3275 omnium.
1423 3213 1569 3274 Non
1601 3212 1827 3293 placuit
1858 3210 1997 3273 Deo

252 3294 350 3372 (ut
376 3291 578 3354 videre
604 3305 698 3355 est
733 3293 797 3355 in
835 3296 1267 3378 prophetarum
1308 3296 1498 3370 libris)
1517 3294 1846 3373 jejunium,
1871 3315 1997 3378 quo

250 3398 288 3439 a
313 3376 471 3451 cibo,
498 3398 621 3437 non
650 3399 687 3438 a
713 3377 1034 3440 sceleribus
1052 3377 1412 3473 jejunabant
1436 3376 1659 3439 Judaei.

332 3458 452 3522 Est
477 3471 681 3522 autem
711 3460 1024 3543 publicum
1044 3460 1371 3542 jejunium,
1401 3471 1465 3521 et
1490 3459 1812 3555 privatum.
1880 3457 1999 3520 Ce-

240 3542 558 3606 lebrarunt
583 3543 733 3606 olim
749 3542 986 3625 jejunia
1022 3542 1269 3628 publica
1306 3543 1672 3606 calamitosis
1712 3542 2002 3627 tempori-

242 3625 371 3688 bus
398 3627 696 3709 rebusque
723 3627 988 3692 ecclesia»,
1017 3626 1265 3690 afflictis.
1333 3625 1741 3689 Abstinebsnt
1775 3626 1839 3688 in
1868 3625 2005 3695 uniq

1664 3776 1701 3788 l
