2418 4172
442 654 1122 741 CONFESSIO
1185 658 1741 741 BELGICA

784 862 966 910 VERE
1004 861 1434 918 CHRISTIANA,

0 1031 13 1095 ζ
167 1019 472 1075 DIVINAE:
511 1022 971 1088 DOCTRINAE,
1008 1022 1110 1076 ET
1149 1022 1491 1076 SALUTIS
1531 1022 2007 1083 ANIMARUM,

754 1193 1085 1234 DochNAM
1117 1192 1444 1234 coN‘rmssNS.

924 1348 1276 1389 -φ-

870 1501 1244 1562 Annouws
1273 1500 1327 1561 1.

223 1601 545 1685 CORDE
585 1622 904 1696 credimus,
934 1635 995 1683 et
1032 1645 1134 1683 ore
1171 1624 1548 1696 confitemur,
1578 1623 1814 1683 unicam
1849 1642 1978 1681 esse

218 1715 285 1765 et
326 1705 663 1787 simplicem
716 1706 1036 1766 essentiam
1091 1705 1480 1787 spiritualem,
1531 1726 1712 1784 quam
1765 1703 1971 1763 Deum

215 1806 530 1862 vocamus,
571 1798 885 1860 aeternum,
932 1786 1625 1880 incomprehensibilem,
1668 1785 1975 1867 inconspi-

219 1889 427 1945 cuum,
475 1869 942 1943 immutabilem,
986 1869 1314 1943 infinitum,
1359 1869 1462 1950 qui
1515 1879 1678 1929 totus
1736 1879 1829 1929 est
1884 1891 1976 1928 sa-

219 1952 415 2047 piens,
439 1952 700 2035 fonsque
727 1954 1007 2014 omnium
1038 1953 1335 2013 bonorum
1367 1951 1721 2012 uberrimus».
1807 1951 1971 2034 Eph.

220 2054 299 2095 w.
340 2045 397 2096 8.
470 2035 722 2096 Denter.
761 2035 839 2096 vi.
887 2048 945 2096 4.
1012 2047 1035 2094 1
1071 2034 1231 2095 Tim.
1273 2034 1332 2094 ii.
1368 2045 1426 2095 5.
1502 2047 1539 2094 2
1571 2034 1709 2095 Cor.
1749 2034 1871 2095 viii.
1911 2032 1970 2094 6.

219 2116 403 2178 Joan.
432 2117 510 2177 iv.
544 2131 642 2180 24.
674 2116 838 2178 Esai.
867 2117 949 2178 xl.
984 2129 1080 2179 28.
1111 2128 1172 2177 et
1199 2116 1345 2177 xliv.
1378 2116 1437 2178 6.
1948 2178 1953 2183 ,

304 2199 391 2260 II.
435 2199 695 2261 Duobus
753 2212 954 2261 autem
1016 2198 1211 2261 modis
1258 2198 1466 2259 Deum
1515 2197 1968 2282 cognoscimus}

218 2282 440 2367 primo,
459 2305 568 2378 per
595 2283 787 2366 ipsam
818 2282 1202 2354 creationem,
1232 2282 1766 2356 conservationem,
1787 2292 1969 2363 atque

218 2365 477 2427 universi
508 2365 687 2446 hujus
718 2365 928 2426 mundi
959 2365 1477 2447 gubernationem.
1544 2365 1607 2426 Is
1636 2365 1796 2425 enim
1829 2386 1972 2426 ocu-

220 2448 294 2508 lis
323 2448 539 2509 nostris
568 2460 661 2511 est
696 2449 882 2508 instar
908 2448 1131 2509 codicis
1160 2448 1568 2530 pulcherrimi,
1596 2447 1659 2507 in
1694 2469 1817 2529 quo
1845 2469 1973 2508 cre-

219 2541 404 2591 aturae
438 2552 669 2604 omnes,
699 2553 733 2591 a
770 2531 1036 2591 minimis
1076 2552 1267 2611 usque
1316 2529 1391 2591 ad
1437 2529 1752 2604 maximas,
1780 2530 1965 2590 veluti

217 2613 588 2674 characteres
637 2624 699 2674 et
749 2614 1047 2675 elementa
1098 2613 1373 2694 quaedam
1426 2613 1740 2695 insculptae
1791 2624 1966 2673 sunt:

217 2716 327 2837 per
353 2717 490 2776 quae
532 2696 854 2757 invisibilia
880 2697 998 2757 Dei
1039 2696 1305 2779 conspici
1350 2696 1752 2778 cognoscique
1790 2718 1823 2755 a
1863 2718 1969 2755 no-

265 2777 314 2837 is
341 2789 613 2860 possunt,
639 2801 859 2862 nempe
898 2791 1119 2841 aeterna
1147 2778 1333 2862 ipsius
1447 2779 1634 2839 tentia
1663 2789 1724 2837 et
1752 2777 1967 2837 divini-

221 2870 333 2933 tas,
359 2870 430 2920 ut
459 2860 676 2921 Paulus
705 2862 1031 2944 Apostolus
1063 2861 1330 2942 loquitur
1358 2801 1539 2922 ἕξω.
1571 2861 1608 2920 i.
1643 2874 1737 2921 20.
1812 2860 1964 2928 Quoe

222 2964 257 3003 c
381 2941 490 3002 itio
538 2942 758 3004 sufficit
802 2944 876 3004 ad
920 2943 1379 3018 convincendOS,
1420 2956 1479 3003 et
1530 2942 1965 3003 inexcusabiles

222 2962 555 3085 &gendos
603 3027 844 3116 quosvis
896 3027 1188 3088 homineS.
1274 3028 1358 3087 At
1407 3026 1601 3086 multo
1644 3024 1859 3086 clarius
1904 3035 1966 3085 et

225 3106 596 3168 manifestius
639 3109 921 3192 deinceps
967 3132 1030 3170 se
1080 3110 1277 3193 ipsum
1328 3109 1501 3169 nobis
1549 3108 1649 3168 ille
1694 3107 1754 3166 in
1798 3129 1965 3168 sacro

222 3211 332 3250 suo
359 3201 422 3250 et
449 3189 656 3251 divino
684 3193 866 3252 verbo
905 3193 1224 3275 patefacit:
1270 3203 1564 3273 quantum
1612 3189 1857 3272 quidem
1903 3188 1965 3251 id

222 3272 295 3333 ad
340 3272 588 3354 gloriam
634 3273 840 3355 ipsius,
867 3296 1233 3356 suorumque
1276 3275 1550 3346 salutem,
1591 3274 1648 3332 in
1697 3272 1811 3333 hae
1843 3271 1967 3334 vita

220 3353 485 3498 expedit.
574 3355 791 3417 Psalm.
821 3356 945 3416 xix.
989 3357 1046 3416 E
1096 3357 1218 3416 hes.
1248 3356 1324 3415 iv.
1354 3355 1412 3415 6.
1460 3369 1494 3415 2
1528 3356 1664 3415 Cor.
1694 3355 1771 3415 iv.
1802 3354 1859 3415 6.

343 3437 427 3498 11.
470 3437 849 3498 Confitemur
879 3438 995 3499 hoc
1088 3438 1141 3498 ei
1171 3439 1420 3498 verbum
1466 3460 1587 3497 non
1626 3437 1809 3498 fixisse
1843 3437 1966 3498 ulla

223 3519 492 3581 humana
534 3520 858 3596 voluntate,
896 3533 999 3582 aut
1041 3520 1309 3593 allatum,
1349 3531 1451 3580 aut
1495 3519 1815 3581 traditum:
1859 3519 1962 3581 sed

225 3615 461 3664 sanctos
505 3603 624 3665 Dei
665 3604 819 3664 viros
860 3603 1064 3664 divino
1106 3604 1330 3664 afflatos
1378 3602 1607 3685 Spiritu
1650 3602 1796 3665 illud
1839 3602 1964 3665 elo-

223 3697 640 3764 quutosesse,
687 3698 753 3747 ut
802 3698 1052 3748 testatur
1098 3685 1269 3746 divus
1314 3685 1523 3746 Petrus
1569 3698 1604 3748 2
1624 3686 1759 3754 Pet.
1791 3685 1829 3746 i.
1862 3698 1959 3747 21.
2011 3687 2019 3691 ”

1038 3788 1078 3828 v
1107 3782 1143 3829 4
1647 3771 1680 3785 '
