2418 4172
794 337 1335 392 HELVETICA.
1859 345 1934 400 57

180 482 345 566 plam
379 472 522 542 dare
557 478 913 555 mercedem,
931 478 1111 560 juxta
1149 479 1311 541 illam
1335 479 1655 624 prophetie
1695 497 1931 547 sentcn-

181 563 352 638 tiam,
386 563 615 626 Jerem.
645 562 807 624 xxxi.
850 562 1024 624 Isaiae
1069 562 1144 622 iv.
1181 562 1333 624 Coln‘
1372 584 1405 623 e
1444 583 1642 623 vocem
1683 571 1850 627 tuam
1893 590 1931 629 a

0 683 5 702 ,.
158 644 375 732 fidu.-
418 646 698 729 quoniam
747 646 873 707 erit
920 665 1154 706 merces
1200 668 1235 706 ο
1278 646 1370 706 eri
1420 653 1541 705 tuo,
1628 646 1701 707 In
1754 672 1934 710 cvan-

0 719 11 811 l
179 729 340 812 gelio
424 735 622 810 noque
663 725 817 789 dixit
859 727 1184 800 Dominus,
1228 667 1411 789 ςίαῑῐ.
1448 749 1502 788 ν.
1543 750 1599 789 x.
1653 727 1936 792 Gaudete

181 820 243 874 et
284 833 397 875 exn
454 820 572 884 ate,
599 812 743 893 quia
778 833 1006 871 merces
1043 820 1247 872 vestra
1285 810 1478 872 multa
1518 820 1607 872 est
1648 813 1711 871 in
1752 815 1932 875 caelis.

180 893 272 957 Et
305 894 411 991 qui
446 893 682 955 dederit
718 895 827 954 uni
855 915 929 954 ex
967 894 1228 954 minimis
1268 894 1417 955 meis
1444 893 1732 974 poculum
1769 919 1936 979 aquae

0 1011 18 1045 μ
155 973 443 1062 frigida,
471 998 645 1038 amen
684 976 815 1037 dico
852 977 1034 1050 vobis,
1062 999 1182 1037 non
1212 977 1430 1058 perdet
1463 979 1795 1040 mercedem
1838 1003 1938 1039 su·

0 1070 4 1098 '-
179 1081 301 1123 σπι.
386 1059 727 1121 Referimus
757 1073 959 1120 tamen
1000 1059 1338 1121 mercedem
1379 1060 1555 1134 hanc,
1584 1083 1766 1141 quam
1807 1063 1938 1123 Do·

182 1142 384 1207 minua
412 1141 535 1216 dat,
563 1165 682 1203 non
715 1142 795 1202 ad.
822 1142 1102 1203 meritum
1138 1142 1400 1203 bominis
1435 1144 1806 1227 accipientis,
1834 1146 1936 1206 sed

182 1224 259 1288 ad
308 1224 659 1299 bonitatem,
701 1225 794 1285 vel
855 1226 1294 1295 liberalitatem,
1344 1236 1404 1286 et
1453 1229 1763 1289 veritatem
1816 1228 1934 1289 Dei

73 1336 76 1337 ⁷
184 1307 593 1394 promittentis
622 1321 804 1389 atque
833 1307 1050 1381 dantis,
1079 1309 1182 1388 qui
1213 1330 1354 1369 cum
1386 1309 1534 1369 nihil
1567 1310 1785 1372 debeat
1814 1313 1940 1372 cui-

184 1411 391 1473 quam,
434 1390 708 1474 promisit
750 1402 952 1451 tamen
1004 1412 1067 1450 se
1110 1391 1231 1451 suis
1283 1391 1611 1453 cultoribus
1660 1394 1938 1455 fidelibus

184 1472 522 1535 mercedem
563 1471 880 1534 daturum:
924 1473 1029 1554 qui
1075 1473 1312 1534 interim
1359 1474 1462 1535 dat
1499 1476 1584 1536 eis
1628 1477 1831 1549 ctiam,
1873 1491 1939 1538 ut

184 1555 388 1640 ipsum
430 1555 651 1616 colant.
737 1555 893 1615 Sunt
934 1556 1124 1615 multa
1162 1567 1451 1638 praeterea
1494 1558 1742 1639 indigna
1782 1560 1940 1634 Deo,

185 1650 250 1700 et
274 1636 625 1720 imperfecta
655 1636 917 1719 plurima
947 1637 1330 1697 inveniuntur
1359 1639 1418 1698 in
1442 1641 1723 1720 operibus
1753 1643 1937 1703 etiam

186 1731 567 1782 sanctorum:
610 1719 755 1800 quia
795 1740 935 1779 vero
978 1718 1148 1779 Deus
1192 1719 1401 1802 recipit
1452 1721 1513 1780 in
1564 1723 1837 1803 gratiam,
1879 1739 1941 1795 et

184 1801 607 1886 complectitur
662 1813 908 1885 propter
956 1801 1266 1863 Christum
1325 1817 1657 1885 operantes,
1714 1828 1941 1868 merce-

186 1885 327 1948 dem
356 1885 442 1946 eis
470 1884 828 1968 promissam
862 1885 1160 1968 persolvit.
1224 1884 1472 1967 Alioqui
1497 1887 1659 1948 enim
1681 1890 1940 1968 justitiae

186 1980 408 2039 ποιῇ-ῳ
447 1980 870 2050 comparantur
911 1990 1112 2050 panno
1151 1981 1556 2044 menstruatae,
1587 1971 1762 2032 Isaiae
1798 1973 1940 2034 lxiv.

188 2050 310 2115 Sed
339 2062 403 2111 et
429 2050 734 2111 Dominus
762 2050 911 2111 dicit
951 2051 1009 2110 in
1041 2052 1369 2132 evangeliO,
1396 2052 1587 2114 Lucae
1617 2054 1758 2114 xvii.
1790 2056 1942 2117 Cum

166 2132 465 2220 feceritis
478 2134 682 2194 omnia
710 2155 836 2215 quae
858 2142 1163 2214 praecepta
1188 2143 1332 2195 sunt
1358 2136 1542 2209 υοὺίε,
1561 2137 1761 2213 dicite,
1780 2134 1943 2201 servi

189 2214 442 2280 inutiles
464 2238 672 2278 sumus
689 2240 711 2276 .·
754 2216 914 2298 quod
938 2216 1250 2277 debuimus
1253 2215 1484 2300 facere
1488 2217 1785 2302 fecimus,

198 2340 207 2351 ·
272 2289 540 2361 Tametsi
593 2321 735 2380 ergo
784 2298 1110 2360 doceamus
1162 2300 1495 2361 mercedem
1550 2302 1674 2363 dari
1728 2326 1763 2363 a
1804 2305 1942 2366 Deo

189 2378 413 2460 noss‘stris
448 2380 796 2454 benefactis,
834 2381 1014 2442 simul
1053 2394 1261 2442 tamen
1300 2382 1608 2460 docemus,
1637 2408 1774 2447 cum
1816 2389 1944 2449 Au-

188 2463 452 2550 guatino,
472 2485 756 2526 coronare
776 2464 984 2525 Deum
1015 2464 1074 2525 in
1106 2464 1302 2539 nobiS,
1331 2489 1452 2526 non
1483 2469 1696 2528 merita
1724 2482 1944 2546 nostra,

189 2546 296 2613 nod
323 2546 483 2609 dona
509 2570 635 2608 sua.
719 2548 804 2609 Et
831 2547 1082 2641 proinde
1110 2548 1398 2630 quicquid
1425 2550 1756 2632 accipimus
1791 2575 1946 2615 mer-

26 2678 33 2703 7-
189 2629 375 2703 aaliz,
409 2629 668 2692 dicimus
711 2643 964 2712 gratiam
1010 2653 1253 2712 quoque
1295 2654 1443 2707 esse,
1481 2645 1543 2694 et
1582 2635 1773 2716 magis
1813 2638 1943 2717 qui-

6 2731 25 2800 ᾗ
191 2712 332 2778 dem
371 2713 623 2797 gratiam
665 2735 849 2795 quam
883 2714 1257 2775 mercedem:
1301 2716 1462 2796 quod
1495 2739 1633 2798 quae
1665 2719 1822 2779 bona
1859 2721 1946 2780 fa-

0 2797 5 2802 ’
193 2797 410 2872 cimus,
449 2818 557 2880 per
582 2795 787 2858 Deum
833 2797 1044 2879 magis,
1083 2819 1264 2879 quam
1306 2821 1416 2881 per
1451 2821 1560 2859 nos
1602 2800 1762 2883 ipsos
1800 2803 1946 2863 faci-

196 2901 366 2942 mus:
409 2890 474 2940 et
512 2879 673 2961 quod
718 2880 943 2941 Paulus
983 2879 1163 2955 dicat,
1194 2901 1215 2941 1
1246 2880 1386 2941 Cor.
1427 2881 1504 2942 iv·
1550 2883 1725 2947 Quid
1762 2883 1946 2946 habes

193 2962 356 3046 quod
381 2984 503 3024 non
542 2963 888 3045 accepisti?
932 2963 1002 3024 Si
1025 2986 1166 3025 vero
1204 2986 1345 3026 acce
1388 2965 1510 3038 isti,
1537 2966 1686 3047 quid
1710 2966 1947 3048 gloria-

196 3045 292 3107 ris'
311 3046 489 3128 quasi
514 3068 631 3107 non
660 3047 1023 3130 acceperis?
1064 3047 1147 3107 Et
1185 3070 1267 3128 qu
1390 3047 1532 3108 hinc
1560 3048 1805 3127 collegit
1841 3052 1945 3111 bc-

199 3138 334 3189 atus
374 3139 603 3211 martyr
642 3129 1017 3212 Cyprianus:
1062 3139 1096 3165 “
1127 3130 1201 3190 In
1253 3130 1423 3190 nullo
1464 3131 1638 3190 nobis
1686 3132 1946 3210 glorian-

199 3220 236 3248 “
266 3209 414 3271 dum
443 3231 591 3285 esse,
618 3211 861 3291 quando
890 3223 1159 3274 nostrum
1193 3212 1343 3273 nihil
1374 3213 1499 3273 sit.”
1562 3213 1944 3278 Damnamus

200 3315 344 3376 ergo
383 3291 538 3363 illos,
580 3314 683 3373 qui
728 3294 941 3355 merita
984 3295 1301 3356 bominum
1353 3294 1837 3374 sicdefendunt,
1877 3310 1946 3361 ut

200 3387 493 3438 evacuent
518 3374 768 3458 gratiam
799 3375 937 3438 Dei.
