2418 4172
518 383 625 437 412
795 384 799 390 ·
962 383 1010 436 1.
1050 381 1482 438 DOCTRINAE
1520 382 1830 448 CAPUT,
1945 384 1949 387 ·

515 533 552 561 “
581 526 981 608 peremptoria
1024 525 1099 585 ad
1142 525 1395 586 salutem
1439 546 1567 585 esse
1608 525 1843 606 possit.”
1915 524 2058 588 Hoc
2095 529 2258 589 enim

515 621 606 668 est
636 608 883 668 humani
915 609 1138 668 cerebri
1170 618 1586 668 commentum
1619 618 1790 667 extra
1817 607 2136 690 scripturas
2157 631 2261 671 ex-

513 690 865 773 cogitatum,
909 690 1241 751 doctrinam
1287 690 1364 750 de
1413 688 1708 750 electione
1756 710 2164 772 corrumpens,
2197 704 2259 752 et

514 794 755 833 auream
786 772 943 833 hanc
973 773 1180 833 salutis
1211 784 1483 833 catenam
1509 770 1873 832 dissolvens:
1921 770 2262 854 Quospreu-

512 855 855 928 destinavit,
894 877 991 916 eos
1033 856 1216 916 etiam
1261 855 1531 923 vocavit3
1578 862 1637 914 et
1679 876 1829 936 quos
1869 855 2124 930 vocavit,
2164 877 2259 917 eos

513 939 693 999 etiam
736 936 1079 1034 'mtfficavit
1102 965 1121 1007 ‚-
1168 951 1317 1031 quos
1338 934 1936 1019 autemjustgficavit,
1955 958 2055 998 eos
2074 938 2259 1000 etiam

506 1019 678 1103 glori
758 1028 902 1082 avit.
935 1020 1115 1081 Rom.
1144 1020 1265 1081 viii.
1291 1030 1424 1161 Ἥ.Ῑ

594 1184 716 1253 Qui
761 1183 1000 1258 docent,
1029 1182 1210 1243 “Dei
1263 1182 1706 1265 beneplacitum
1751 1205 1820 1243 ac
1861 1204 1971 1266 pro
2083 1185 2258 1258 itum,

510 1274 546 1302 “
576 1267 745 1347 cujus
803 1266 1094 1347 scriptura
1155 1265 1430 1324 meminit
1487 1264 1545 1323 in
1604 1264 1874 1325 doctrina
1928 1288 1964 1326 e
1985 1266 2257 1340 ectionis,

508 1356 544 1383 “
575 1370 695 1409 non
741 1348 1062 1408 consistere
1105 1346 1165 1407 in
1210 1368 1304 1419 e0,
1337 1345 1499 1427 quod
1526 1336 1697 1407 Deus
1737 1359 1929 1408 certos
1962 1347 2254 1430 quosdam

508 1438 546 1466 “
578 1430 853 1491 homines
897 1452 1019 1512 prae
1061 1429 1191 1489 aliis
1233 1428 1497 1510 elegerit,
1526 1427 1629 1489 sed
1671 1428 1734 1489 in
1771 1451 1862 1505 eo,
1890 1428 2053 1511 quod
2086 1428 2255 1492 Deus

508 1521 547 1548 “
576 1536 650 1573 ex
681 1513 964 1573 omnibus
994 1511 1379 1595 possibilibus
1409 1510 1854 1572 conditionibus
1895 1513 2076 1590 (inter
2104 1512 2254 1594 q‘uas

507 1604 542 1631 “
571 1596 754 1657 etiam
786 1608 926 1656 sunt
954 1617 1134 1677 opera
1162 1595 1335 1676 legis)
1366 1594 1488 1654 sive
1516 1616 1591 1654 ex
1623 1596 1898 1656 omnium
1930 1599 2127 1656 rerum
2158 1617 2255 1656 or·
2282 1672 2285 1673 ⁷

507 1686 543 1725 ‘-‘
570 1678 710 1739 dine
753 1691 955 1739 actum
1001 1676 1162 1750 fidei,
1205 1677 1265 1736 in
1310 1698 1437 1737 sese
1481 1677 1829 1757 ignobilem,
1866 1688 1928 1738 et
1969 1676 2254 1739 obedien·

508 1768 543 1795 “
570 1762 719 1822 tiam
778 1761 918 1821 fidei
979 1759 1412 1842 imperfectam,
1458 1759 1519 1818 in
1578 1759 1785 1819 salutis
1842 1758 2250 1821 conditionem

507 1851 542 1879 “
572 1844 852 1924 elegerit;
897 1863 1149 1923 eamque
1185 1841 1442 1924 gratiose
1470 1862 1581 1923 pro
1611 1842 1872 1923 perfecta
1910 1842 2252 1903 obedientia

506 1932 542 1961 “
571 1938 865 2008 reputare,
892 1936 954 1985 et
995 1924 1133 1984 vitae
1174 1935 1411 1983 oeternae
1452 1923 1700 2004 proemio
1733 1923 1981 2005 dignam
2010 1946 2253 1986 censere

505 2016 542 2044 “
574 2008 872 2068 voluerit.”
944 2006 1085 2067 Hoc
1112 2006 1274 2066 enim
1307 2026 1501 2064 errore
1536 2005 1871 2086 pernicioso
1912 2006 2252 2089 beneplaci-

507 2106 637 2151 tum
680 2090 800 2150 Dei
845 2101 907 2149 et
950 2088 1230 2149 meritum
1270 2086 1494 2147 Christi
1531 2100 1863 2162 enervatur,
1886 2098 1950 2149 et
1978 2088 2252 2150 homines

506 2172 819 2232 inutilibus
850 2170 1280 2252 quaestionibus
1310 2192 1344 2230 a
1372 2169 1618 2229 veritate
1635 2169 2084 2250 justificationis
2225 2210 2254 2221 -

507 2254 692 2325 tuitae,
714 2268 775 2315 et
797 2254 1182 2336 simplicitate
1205 2252 1647 2334 Scripturarum
1671 2264 2033 2323 avocantur-3
2075 2193 2255 2315 uffi-

506 2359 623 2418 que
651 2337 928 2420 Apostoli
965 2337 1094 2397 falsi
1130 2336 1435 2416 arguitur3
1480 2334 1659 2395 Deus
1685 2356 1794 2395 nos
1819 2337 2054 2397 vocavit
2078 2357 2253 2398 voca·

506 2422 665 2481 tione
690 2428 904 2481 sancta
928 2447 947 2488 ,-
993 2440 1112 2479 non
1142 2440 1214 2478 ex
1241 2418 1538 2499 operibus,
1563 2417 1675 2477 sed
1699 2439 1771 2478 ex
1800 2420 2251 2561 squroposito

506 2512 566 2563 et
589 2504 825 2585 gratia,
852 2525 981 2585 qua:
1019 2502 1167 2561 data
1212 2509 1303 2561 est
1337 2500 1507 2560 nobis
1541 2500 1605 2559 in
1641 2500 1888 2561 Christo
1965 2521 2071 2562 esu

438 2588 446 2595 ’
505 2594 774 2667 tempora
801 2582 1171 2646 saeculorum.
1201 2596 1237 2643 2
1267 2583 1426 2725 Tim.
1459 2582 1495 2642 i.
1524 2594 1583 2657 9.

590 2752 711 2820 Qui
757 2750 992 2820 docent,
1022 2759 1058 2786 ‘⁶
1083 2750 1157 2811 In
1198 2747 1487 2809 electione
1527 2747 1599 2809 ad
1641 2747 1822 2811 fldem
1859 2749 2015 2812 hanc
2042 2749 2249 2812 condi-

504 2841 541 2869 “
570 2833 796 2894 tionem
828 2831 1191 2916 praerequiri‚
1220 2844 1288 2892 ut
1333 2831 1515 2891 homo
1558 2831 1784 2892 lumine
1828 2844 2054 2895 naturae
2088 2845 2247 2895 recte

503 2925 538 2951 “
572 2927 789 2991 utatur,
835 2917 911 2976 sit
961 2915 1202 2998 probus,
1246 2936 1478 2996 parvus,
1522 2913 1787 2988 humilis,
1826 2927 1889 2976 et
1937 2914 2011 2977 ad
2057 2915 2245 2977 vitam

503 3005 539 3034 “
570 3011 852 3060 aeternam
884 2998 1229 3080 dispositus,
1257 2996 1424 3077 quasi
1467 2997 1542 3057 ab
1584 2995 1727 3091 ipsis
1765 2997 1980 3059 electio
2018 2998 2246 3080 aliqua-

503 3091 539 3118 “
569 3095 742 3142 tenus
786 3080 1094 3164 pendeat.”
1166 3079 1469 3161 Pelagium
1522 3100 1685 3140 emm
1732 3079 1991 3163 sapiunt,
2024 3093 2086 3141 et
2134 3081 2247 3141 mi-

505 3164 667 3224 nime
684 3166 933 3225 obscure
956 3162 1085 3235 falsi
1109 3161 1459 3223 insimulant
1476 3162 1833 3245 Apostolum
1859 3163 2245 3224 scribentem:

511 3246 580 3306 V
571 3248 763 3308 ersati
798 3267 1007 3307 sumus
1041 3243 1186 3306 olim
1224 3245 1287 3305 ia
1321 3245 1756 3326 cupiditatibus
1782 3246 1985 3307 carnis
2008 3252 2244 3316 nostre,

480 3327 798 3411 facientes
836 3351 966 3412 quoe
1006 3328 1180 3389 carni
1208 3335 1266 3388 et
1295 3328 1761 3410 cogitationibus
1798 3326 2080 3403 libebant,
2107 3347 2244 3389 era·

504 3434 755 3494 musque
794 3420 1023 3472 natura
1038 3408 1186 3493 filii
1225 3411 1350 3484 iroe,
1379 3418 1448 3471 ut
1475 3419 1537 3471 et
1563 3409 1805 3494 reliqui.
1891 3410 2020 3472 Sed
2047 3409 2242 3481 Deus,

504 3495 611 3574 qai
638 3494 804 3555 dives
833 3502 924 3555 est
949 3493 1388 3568 misericordia,
1409 3501 1664 3575 propter
1690 3492 1944 3554 multam
1969 3490 2238 3553 cluat-ita-

505 3582 621 3634 tem
649 3599 841 3649 suam,
867 3599 987 3658 qua
1016 3575 1228 3638 dilexit
1254 3598 1379 3648 nos,
1405 3577 1592 3637 etiam
1621 3597 1728 3637 nos
1754 3595 1887 3637 cam
1908 3574 1974 3635 ἂι
1991 3569 2242 3657 offensis

504 3659 729 3718 mortui
770 3679 1049 3732 essemus,
1075 3680 1200 3719 ana
1233 3655 1568 3740 vivificavit
1607 3678 1742 3719 cum
1776 3654 2040 3730 Christe,
2065 3654 2242 3738 agius
