2418 4172
501 342 985 400 CONFESSIO
1048 343 1580 397 HELVE'PICA.
1815 343 1911 396 111

262 488 385 552 111.
415 490 508 550 Ac
536 487 776 548 tametsi
810 487 1013 558 hoino,
1038 508 1147 568 per
1174 484 1433 545 eundem
1468 484 1722 566 lapsum,
1750 485 1919 547 dam-

177 571 408 639 anfioni
436 570 735 633 obnoxius
769 579 831 630 et
868 567 987 629 Dei
1033 568 1316 629 inimicus
1357 566 1551 627 factus
1593 566 1690 640 sit,
1717 564 1920 630 Deum

179 665 384 718 tamen
415 674 619 715 curam
649 651 883 733 generis
920 651 1168 711 humani
1211 670 1520 729 nunquam
1562 647 1923 731 deposuisse.

177 735 503 799 Tua-tantur
531 736 647 796 hoc
678 732 1051 816 patriarchae,
1081 732 1507 815 promissiones
1536 741 1675 791 ante
1702 743 1765 791 et
1792 744 1926 810 post

178 819 510 882 diluvium:
539 818 639 879 lex
668 816 815 877 item
845 838 878 876 a
907 815 1044 876 Deo
1074 837 1182 897 per
1211 815 1429 875 Mosen
1461 814 1612 874 lata:
1645 824 1706 873 et
1735 815 1924 875 sancti

262 984 296 1047 1
358 1030 374 1046 .
401 981 722 1045 Credimus
758 1003 828 1043 ac
847 982 1211 1042 confitemur
1229 988 1595 1052 constanter,
1613 976 1923 1039 Christum

180 1066 356 1129 nobis
396 1078 669 1160 tempore
712 1064 784 1126 ad
832 1065 948 1124 hoc
989 1064 1282 1136 ordinate,
1310 1061 1644 1123 secundum
1675 1060 1927 1144 promis·

178 1149 412 1213 dmum
434 1147 576 1223 Dei,
596 1170 631 1209 a
654 1148 827 1208 Patre
854 1145 1086 1220 datum,
1109 1169 1178 1207 ac
1208 1146 1292 1206 ita
1320 1158 1610 1207 aeternum
1638 1142 1755 1204 Dei
1779 1142 1927 1203 Ver-

181 1232 353 1307 bum,
371 1253 623 1294 carnem
651 1229 879 1291 factum
919 1252 1079 1289 esse:
1124 1229 1183 1289 id
1221 1241 1329 1303 est,
1359 1229 1522 1289 hunc
1551 1226 1773 1288 Filium
1805 1225 1925 1287 Dei

182 1314 468 1377 humanm
515 1324 744 1375 naturoe
787 1312 849 1372 in
893 1333 1013 1372 una
1055 1333 1307 1395 persona
1352 1311 1610 1385 unitum,
1650 1320 1925 1370 nostrum

183 1396 428 1460 fratrem
459 1396 684 1457 factum
716 1416 840 1476 quo
866 1415 978 1454 nos
1008 1416 1115 1477 per
1141 1415 1280 1454 eum
1350 1393 1626 1475 articipes
1649 1393 1928 1453 fieremus

181 1469 553 1542 hoerditatis
591 1478 732 1539 Dei.
821 1477 1007 1537 Hunc
1041 1478 1255 1538 Jesum
1288 1416 1599 1536 &hristum
1631 1474 1930 1535 credimus

445 1581 546 1622 um
577 1582 613 1621 a
632 1560 679 1621 S
726 1560 863 1620 iritu
891 1560 1135 1633 Sancto,
1152 1570 1363 1619 natum
1392 1579 1468 1618 ex
1501 1579 1650 1640 pura
1678 1557 1933 1618 inteme-

183 1653 315 1707 nt·
400 1643 592 1725 irgine
621 1582 850 1703 hiat-ia:
885 1661 1128 1721 passum
1158 1642 1273 1701 sub
1296 1640 1512 1700 Pontio
1532 1638 1761 1699 Pilato:
1798 1658 1932 1698 eru-

70 1795 76 1802 ·
185 1724 438 1788 ciflxum
488 1735 552 1786 et
600 1734 904 1785 mortuum
949 1744 1062 1804 pro
1105 1722 1365 1804 peccatis
1407 1720 1644 1781 nostris.
1728 1720 1933 1800 Atque

185 1809 273 1871 itt
298 1806 478 1869 unica
505 1806 597 1868 sui
626 1806 814 1900 ipsius
842 1805 1169 1877 oblatione,
1198 1804 1338 1864 Deo
1367 1802 1526 1864 Patri
1569 1812 1772 1862 nostro
1811 1823 1935 1863 coe-

183 1890 319 1961 hai
348 1911 460 1974 pm
487 1898 703 1951 nostris
732 1900 796 1949 et
819 1887 1096 1948 omnium
1127 1887 1398 1947 fidelium
1423 1885 1687 1968 peccatis
1709 1883 1937 1945 satisfe-

181 1972 361 2047 ἀνω,
386 1994 459 2034 ac
484 1993 594 2033 nos
622 1993 762 2033 cum
794 1992 868 2032 eo
896 1970 1342 2032 reconciliasse:
1371 1969 1579 2049 sicque
1605 1980 1800 2028 morte
1829 1988 1938 2043 sua

185 2054 568 2138 triumphum
690 2054 703 2066 '
739 2075 822 2128 se,
862 2063 924 2114 et
959 2053 1176 2113 vicisse
1219 2051 1537 2126 mundum,
1573 2062 1832 2111 mortem
1873 2061 1939 2110 et

191 2137 431 2199 inferos.
504 2136 604 2198 Ad
695 2158 784 2196 aec
822 2134 1154 2196 secundum
1199 2155 1442 2195 carnem
1486 2134 1793 2216 sepultum
1835 2131 1939 2192 de'-

190 2218 495 2283 mdis-e
522 2218 596 2281 ad
626 2218 867 2291 inferos,
882 2228 947 2278 et
973 2217 1149 2277 tertia
1175 2216 1274 2277 die
1295 2216 1684 2276 resurrexisse
1715 2237 1750 2276 a
1771 2236 1938 2275 mor-

189 2301 332 2365 tuis.
387 2301 509 2363 His
537 2300 902 2362 sufficienter
924 2298 1352 2382 comprobatis,
1372 2298 1571 2380 ipsum
1603 2318 1851 2380 corpore
1877 2307 1941 2357 et

189 2384 395 2447 anim
421 2384 487 2445 in
511 2384 702 2446 coelos
732 2381 1089 2455 ascendisse,
1115 2382 1322 2462 ibique
1350 2380 1556 2441 sedere
1584 2380 1644 2440 in
1672 2380 1940 2453 dextera,

189 2466 376 2529 inl-est
396 2466 463 2527 in
493 2466 702 2550 gloria,
729 2464 853 2526 Dei
882 2464 1072 2525 Patris
1099 2462 1379 2527 coelestis.
1442 2463 1596 2524 Inde
1613 2474 1940 2523 venturum

186 2570 324 2612 esse
349 2548 423 2611 ad
442 2547 843 2631 judicandum
872 2547 1039 2608 vivos
1066 2558 1130 2607 et
1160 2557 1447 2607 mortuos.
1508 2546 1799 2606 Praeterea
1824 2543 1944 2604 dis-

188 2631 411 2716 cipulis
434 2634 562 2695 suis
588 2642 661 2693 ut
684 2629 982 2725 promisit,
1007 2651 1185 2691 suum
1216 2629 1506 2689 Sanctum
1536 2628 1829 2711 Spiritum
1857 2627 1944 2703 (in

187 2733 379 2812 quem
408 2715 566 2777 sicut
589 2725 655 2776 et
679 2735 744 2775 in
776 2714 1014 2776 Patrem
1044 2724 1107 2774 et
1135 2712 1194 2772 in
1227 2711 1453 2773 Filium
1481 2710 1807 2788 credimus)
1832 2710 1946 2770 mi-

192 2816 344 2858 sisse

281 2877 359 2940 V.
387 2877 705 2940 Ooedimus
746 2890 1016 2940 sanctam
1060 2877 1467 2939 Christianam
1513 2874 1849 2945 ecclesiam,
1884 2872 1946 2934 id

196 2971 312 3036 est,
332 2960 827 3022 communionem
859 2972 1223 3035 sanctorum,
1250 2981 1472 3040 congre
1551 2958 1777 3018 tionem
1797 2954 1949 3016 fide-

196 3042 350 3105 lium
370 3043 436 3104 in
454 3042 713 3126 Spiritu,
729 3064 868 3124 quoe
894 3055 1102 3105 sancta
1128 3055 1192 3104 et
1220 3063 1440 3125 sponsa
1523 3039 1689 3100 bristi
1709 3049 1820 3100 est.
1871 3037 1947 3099 In

195 3146 326 3270 gua
347 3146 559 3187 omnes
586 3125 673 3187 itti
702 3126 863 3188 cives
893 3138 1034 3187 sunt
1061 3126 1166 3207 qui
1196 3126 1562 3187 confitentur
1578 3124 1797 3184 stuu
1819 3142 1949 3182 esse

259 3225 573 3280 aalma,
611 3229 834 3290 agnum
879 3208 1000 3270 Dei
1041 3209 1354 3269 tollentem
1402 3217 1649 3289 peccata
1697 3202 1948 3264 mundi:

202 3301 386 3372 utque
433 3288 693 3351 eundem
739 3290 924 3352 fldem
977 3313 1086 3375 per
1130 3312 1313 3373 opera
1353 3287 1660 3350 charitatis
1701 3286 1951 3348 demon-

259 3495 266 3502 ·
287 3456 365 3520 lu
392 3454 646 3517 ecclesia
674 3465 1036 3537 usurpantur
1077 3452 1286 3516 oedem
1327 3462 1719 3528 sacramenta,
1745 3449 1954 3515 videti-

196 3549 323 3612 «τ,
355 3537 700 3622 baptismus
744 3537 807 3598 in
848 3536 1100 3598 introitu
1137 3535 1219 3598 ad
1268 3535 1618 3599 ecclesiam:
1673 3547 1735 3597 et
1775 3555 1954 3598 coena

1679 3775 1714 3788 Ι·
