2418 4172
766 422 1238 477 SAXONICA.
1766 424 1872 479 273

127 563 354 626 salvare
383 562 746 626 invocantes.
818 564 900 626 Et
932 565 1045 625 hac
1070 563 1249 625 erecti
1281 560 1705 633 consolatione,
1738 562 1872 623 Deo

124 646 344 729 gratias
374 647 629 728 agimus,
657 660 719 707 et
755 668 895 709 eum
942 647 1326 707 invocamus:
1369 656 1430 705 et
1543 643 1748 715 timus,
1778 667 1874 704 ac-

123 727 407 811 cipimus,
434 740 496 789 et
521 739 911 811 expectamus
939 740 1163 788 aeterna
1193 728 1366 787 bona.
1515 737 1687 817 opter
1717 725 1873 786 banc

124 811 764 872 commonefactionem
816 821 878 869 et
926 808 1420 880 consolationem,
1469 808 1751 868 articulus
1810 810 1871 868 in

126 913 155 952 s
202 893 406 953 mbolo
447 893 744 963 recitatur,
785 912 925 950 cum
970 889 1214 970 quidem
1258 890 1386 950 haec
1434 890 1563 972 ipsa
1605 889 1876 951 doctrina

166 996 202 1035 e
229 973 676 1035 conservatione
703 971 993 1034 Ecclesioe
1038 972 1365 1055 saepissime
1407 972 1661 1054 repetita
1699 972 1776 1031 sit
1814 973 1873 1033 in

123 1055 515 1118 concionibus
551 1055 805 1115 divinis:
849 1067 918 1115 ut
948 1054 1142 1116 Esaiae
1173 1054 1277 1115 lix.
1298 1054 1438 1115 Hoc
1440 1053 1661 1138 fiedus
1680 1076 1876 1116 meum

126 1158 263 1200 cuns
291 1138 395 1212 eis,
425 1138 573 1199 dicit
598 1138 920 1210 Dominus,
955 1138 1228 1218 Spiritus
1255 1158 1425 1198 meus·
1453 1138 1559 1220 qui
1588 1146 1677 1199 est
1706 1139 1770 1198 in
1799 1147 1877 1212 te,

126 1228 189 1284 et
211 1221 398 1283 verba
426 1242 559 1282 mea
667 1244 717 1282 ιε
746 1221 928 1302 posui
964 1222 1030 1281 in
1059 1242 1166 1281 ore
1193 1228 1318 1291 tue,
1345 1242 1463 1280 non
1494 1220 1773 1281 recedent
1802 1221 1876 1281 ab

125 1323 230 1366 ore
256 1311 380 1379 tuo,
407 1325 519 1364 nec
545 1243 755 1364 αῖῖὶνε
781 1304 1028 1364 seminis
1057 1304 1166 1377 tui,
1195 1303 1342 1363 dicit
1367 1302 1689 1376 Dominus,
1713 1303 1877 1364 dein-

129 1406 268 1467 ceps
309 1394 370 1447 et
409 1386 474 1446 in
511 1386 960 1466 sempiternum.
1046 1385 1129 1445 Et
1159 1384 1464 1445 Dominus
1495 1386 1709 1466 inquit,
1738 1386 1878 1468 Ego

127 1468 424 1530 vobiscum
453 1490 587 1529 sum
617 1469 891 1530 omnibus
926 1468 1152 1541 diebus,
1180 1489 1371 1550 usque
1399 1468 1484 1528 ad
1508 1490 1878 1529 consumma·

129 1550 350 1613 tionem
376 1550 583 1613 seculi.
672 1549 783 1611 Est
825 1561 886 1612 et
930 1550 1058 1611 baec
1099 1550 1291 1610 dulcis
1334 1550 1683 1623 consolatio,
1716 1550 1876 1631 quod

130 1654 250 1694 non
280 1633 420 1694 alibi
451 1634 572 1693 sint
602 1632 867 1693 haeredes
894 1632 1032 1693 vitae
1057 1644 1316 1705 aeternae‚
1341 1633 1453 1692 nisi
1486 1632 1549 1692 in
1578 1644 1747 1693 coetu
1776 1655 1880 1692 vo-

23 1745 27 1749 ·
127 1727 436 1776 catorum:
467 1714 649 1793 juxta
680 1714 825 1773 illud
849 1737 864 1773 t
915 1714 1085 1778 Quos
1113 1713 1318 1795 elegit,
1346 1714 1454 1773 hos
1482 1722 1542 1774 et
1569 1714 1822 1775 vocavit.

210 1795 354 1857 Nou
384 1807 676 1877 vagentur
704 1795 910 1869 animi,
940 1796 1242 1855 intuentes
1289 1795 1404 1854 boc
1446 1795 1710 1855 lacerum
1750 1818 1880 1856 cor-

125 1900 242 1963 pus
284 1876 596 1951 Ecclesiae,
634 1890 695 1938 et
740 1878 1106 1938 somniantes
1147 1876 1412 1937 fortassis
1460 1877 1602 1937 alibi
1647 1878 1878 1959 aliquos

128 1960 234 2055 qui
266 1960 542 2055 ignorant
564 1959 988 2041 Evangelium,
1016 1972 1220 2020 tamen
1259 1982 1388 2020 esse
1418 1971 1654 2022 sanctos
1684 1972 1744 2021 et
1772 1960 1882 2021 do-

19 2059 26 2069 ‘
130 2043 424 2105 micilium
455 2043 596 2116 Dei,
623 2042 902 2116 Fabium,
930 2043 1301 2125 Scipionem,
1330 2042 1679 2115 Aristidem,
1709 2054 1771 2104 et
1800 2044 1876 2104 si-

0 2428 19 2457 ’ῖς

9 2473 24 2506 ‘l

130 2126 344 2196 mileu
389 2125 491 2186 sed
538 2125 658 2186 huc
700 2125 853 2184 refer
879 2126 1102 2186 oculos.
1188 2125 1260 2186 In
1302 2125 1419 2185 boc
1449 2136 1612 2186 coetu
1643 2137 1882 2187 vocato-

130 2230 264 2270 rum
295 2219 459 2268 certo
499 2207 651 2268 scias
681 2207 913 2288 aliquos
941 2208 1164 2268 electos
1193 2229 1341 2279 esse,
1369 2218 1431 2268 et
1459 2207 1534 2268 ad
1567 2208 1729 2269 hunc
1758 2230 1881 2269 coe-

130 2302 263 2352 tum
293 2302 356 2351 te
384 2290 715 2371 adjungito,
745 2290 1118 2350 confessione
1147 2301 1208 2350 et
1236 2290 1629 2350 invocatione.
1710 2290 1882 2352 Sicut

130 2372 280 2435 dicit
309 2373 464 2434 Psal.
495 2373 656 2433 xxvi.
684 2372 883 2433 Unum
954 2373 1062 2433 etii
1089 2394 1128 2433 a
1159 2372 1440 2444 Βοηιίηο,
1470 2372 1580 2433 hoc
1615 2373 1882 2456 requiro,

130 2463 202 2517 ut
249 2455 514 2517 habitem
563 2456 628 2515 in
670 2455 841 2515 domo
1050 2454 1141 2516 im·
1178 2455 1452 2515 omnibus
1497 2455 1705 2516 diebu-5
1747 2457 1882 2517 vitae

129 2559 313 2601 m.-
339 2546 413 2610 ut
429 2538 666 2599 videam
692 2537 1063 2599 voluntatem
1085 2537 1360 2611 Domini,
1380 2546 1440 2598 et
1466 2538 1704 2598 visitem
1733 2546 1882 2600 tem-

122 2620 299 2716 plum
386 2620 488 2683 ‘us'-
573 2619 718 2680 Non
776 2620 959 2701 igitur
1004 2620 1081 2681 de
1127 2619 1417 2693 Ecclesia,
1462 2631 1751 2702 tanquam
1805 2621 1881 2681 de

131 2702 267 2765 idea
307 2703 612 2765 Patonica
660 2703 996 2784 loquimur;
1045 2702 1148 2764 sed
1198 2702 1536 2764 Ecclesiam
1589 2715 1882 2764 monstra-

133 2807 292 2856 mus,
317 2806 454 2866 quoe
494 2786 761 2868 conspici
805 2798 867 2846 et
908 2786 1174 2846 exaudiri
1213 2797 1446 2868 potest:
1480 2786 1660 2866 juxta
1695 2786 1879 2846 illud:

136 2867 217 2928 In
240 2888 468 2928 onmem
495 2875 725 2928 tem-am
754 2869 937 2930 exivit
974 2890 1159 2929 sonus
1196 2890 1420 2930 eorum.
1507 2868 1656 2928 Vult
1698 2890 1882 2929 exau-

134 2948 246 3009 diri
278 2948 501 3010 Filium
543 2963 797 3011 oeternus
836 2951 1009 3011 Pater
1053 2952 1113 3011 in
1162 2962 1291 3011 toto
1334 2972 1549 3031 genere
1594 2950 1880 3025 human0,

135 3032 291 3093 sicut
317 3030 548 3113 inquit:
590 3032 782 3094 Hunc
807 3033 1034 3094 audite.
1108 3033 1193 3094 Et
1221 3034 1375 3095 Psal.
1408 3033 1466 3092 ii.
1495 3032 1636 3114 Ego
1667 3033 1879 3093 consti-

136 3122 242 3175 tuo
266 3134 474 3197 regem
501 3135 697 3176 meum
739 3116 804 3175 in
823 3106 1032 3177 {nante
1061 3117 1226 3189 Sion,
1248 3115 1584 3198 praedicabo
1615 3136 1880 3197 proecep-

137 3205 266 3259 tum
287 3221 310 3258 .·
355 3196 660 3258 Βσηιίηω
686 3196 846 3258 dizit
882 3199 966 3259 ad
988 3220 1101 3273 me,
1131 3199 1331 3260 Filius
1358 3220 1527 3259 meus
1557 3219 1619 3258 es
1647 3206 1735 3268 tu,
1765 3219 1878 3281 ego

24 3279 33 3305 ·’
136 3278 317 3374 hodie
332 3279 525 3363 genui
552 3287 630 3340 te.
673 3279 762 3341 Et
789 3302 949 3342 nunc
974 3303 1153 3375 reges
1179 3281 1525 3364 intelligite,
1555 3282 1663 3341 διο.
1706 3280 1880 3342 Dici-

33 3390 43 3420 .·
134 3383 274 3424 mus
303 3363 502 3444 igitur,
529 3360 861 3423 Ecclesiam
892 3363 1188 3424 visibilem
1236 3364 1297 3424 in
1346 3364 1459 3423 bac
1487 3363 1607 3423 vita
1645 3374 1877 3424 coetum

39 3453 42 3458 ’
135 3467 266 3507 esse
322 3445 816 3528 amplectentium
861 3445 1258 3527 Evangelium
1306 3445 1554 3518 Christi,
1602 3456 1664 3506 et
1717 3457 1879 3508 recte

60 3566 74 3599 Ἴ·
135 3527 434 3590 utentium
468 3527 872 3601 sacramentis,
901 3528 961 3588 in
992 3549 1115 3609 quo
1142 3527 1312 3588 Deus
1343 3550 1450 3611 per
1477 3527 1876 3590 ministerium

61 3669 67 3687 ἶ
140 3609 450 3695 Evangelii
490 3622 581 3672 est
618 3609 848 3685 efficax,
883 3622 944 3671 et
990 3610 1214 3671 multos
1257 3610 1328 3672 ad
1358 3610 1543 3671 vitam
1587 3622 1872 3673 aeternam

140 3706 463 3775 regenerat.
550 3695 622 3755 ln
681 3715 803 3774 quo
862 3705 1062 3754 tamen
1118 3704 1282 3755 coetu
1337 3692 1511 3755 multi
1563 3694 1713 3783 suut
1751 3716 1870 3755 non

991 3796 1031 3836 ‘r
