2418 4172
241 556 245 563 Ι
348 604 825 718 ARTICULI
878 612 1154 683 FIDEI
1208 610 1725 681 PRAECIPUI.

803 825 1266 867 ..-*.-—-

847 1003 899 1063 1.
932 1002 1038 1063 De
1066 998 1221 1062 Dec.

159 1106 637 1196 ECCLESIAE
659 1151 882 1213 magno
912 1149 1206 1189 consensu
1230 1125 1391 1210 apud
1414 1147 1523 1187 nos
1544 1124 1782 1200 docent,
1802 1123 1909 1187 de-

160 1207 394 1279 cretum
434 1213 688 1277 Nicenoe
730 1211 966 1295 synodi,
993 1210 1069 1271 de
1106 1210 1337 1270 unitate
1365 1208 1637 1270 essentiae
1670 1207 1910 1279 divinae,

142 1308 226 1377 ¹et
249 1296 327 1361 de
353 1295 546 1360 tribus
575 1296 864 1380 personis,
891 1315 1101 1355 verum
1130 1304 1192 1354 et
1221 1291 1349 1354 sine
1378 1291 1500 1354 ulla
1532 1290 1909 1353 dubitatione

162 1378 530 1444 credendum
571 1400 721 1440 esse.
800 1375 1122 1450 Videlicet,
1207 1374 1328 1436 uod
1372 1374 1451 1436 sit
1491 1396 1611 1436 una
1652 1373 1911 1435 essentia

160 1461 383 1535 divina.
411 1484 548 1557 quae
589 1460 927 1555 appellatur
963 1470 1024 1520 et
1061 1469 1153 1519 est
1257 1480 1384 1529 eus,
1412 1468 1690 1531 aeternus,
1718 1457 1912 1518 incor-

286 1567 399 1640 με,
443 1543 846 1627 impartibilis,
900 1542 1198 1604 immensa
1253 1539 1543 1633 potentia,
1599 1539 1912 1632 sapientis,

243 1638 452 1701 nitate,
477 1637 708 1688 creator
735 1636 798 1685 et
825 1634 1203 1685 conservator
1229 1643 1505 1683 omnium
1537 1643 1737 1681 rerum
1775 1621 1913 1680 visi·

159 1705 377 1773 bilium
419 1718 484 1770 et
523 1706 941 1778 invisibilium,
969 1716 1032 1765 et
1072 1716 1278 1765 tamen
1316 1714 1436 1764 tres
1474 1703 1595 1763 sint
1621 1723 1914 1783 personae,

196 1788 428 1854 'undem
472 1789 748 1852 essentiae
791 1798 853 1849 et
894 1787 1200 1870 potentiae,
1238 1796 1300 1846 et
1341 1796 1676 1858 coaeternae‚
1718 1783 1912 1855 Pater,

260 1870 373 1948 ius,
413 1883 477 1935 et
530 1870 790 1966 Spiritus
847 1869 1125 1931 Sanctus.
1210 1868 1296 1928 Et
1347 1867 1596 1928 nomine
1643 1889 1914 1950 personoe

160 1965 415 2020 umntur
450 1978 523 2016 ea
560 1977 608 2015 sl
698 1952 1019 2028 ificatione,
1046 1974 1167 2033 qua
1203 1950 1295 2011 usi
1327 1962 1468 2011 sunt
1497 1950 1557 2011 in
1590 1949 1705 2011 hac
1733 1973 1916 2011 causa

162 2038 279 2102 scri
323 2050 481 2101 tores
509 1977 917 2110 eccffiiastici,
944 2046 1015 2095 ut
1043 2034 1344 2117 significet
1371 2056 1493 2094 non
1529 2044 1763 2115 partem
1811 2044 1916 2095 aut

162 2061 516 2206 qualitatem
545 2119 608 2181 iu
639 2118 777 2193 alio,
806 2118 910 2180 sed
936 2116 1102 2198 quod
1131 2116 1370 2199 proprie
1399 2116 1691 2177 subsistit.

242 2202 565 2268 Dnmnant
602 2224 814 2264 omnes
853 2202 1126 2273 haereses,
1155 2210 1364 2261 contra
1397 2198 1562 2260 hunc
1591 2198 1913 2260 articulum

163 2298 420 2361 exortas,
448 2301 519 2348 ut
546 2283 944 2359 Manichaeos,
1017 2282 1078 2344 ui
1107 2281 1231 2343 duo
1258 2280 1555 2365 principia
1582 2282 1916 2375 ponebant,

162 2370 394 2432 bonum
417 2379 480 2431 et
500 2367 749 2431 malum.
814 2306 1471 2439 Itemanlentinianos,
1490 2363 1769 2439 Arianos,
1787 2363 1917 2426 Eu-

162 2451 501 2527 nomisnos,
538 2448 1007 2513 Mahometistas
1049 2459 1113 2509 et
1152 2469 1364 2509 omnes
1406 2447 1625 2508 horum
1670 2445 1915 2508 similes.

162 2534 480 2598 Damnant
505 2545 568 2595 et
595 2533 1040 2606 Samosatenos,
1065 2542 1294 2592 veteres
1322 2541 1386 2591 et
1413 2530 1764 2603 neotericos,
1793 2529 1918 2611 qui,

165 2640 307 2680 cum
349 2628 588 2680 tantum
639 2638 827 2678 unam
953 2636 1192 2676 rsonam
1236 2636 1365 2675 esse
1410 2612 1800 2687 contendant,
1842 2612 1917 2672 de

164 2700 369 2762 Verbo
405 2711 469 2761 et
506 2699 584 2761 de
609 2699 841 2782 Spiritu
917 2709 1096 2760 ancto
1126 2707 1322 2758 astute
1355 2707 1418 2757 et
1447 2696 1635 2779 impie
1664 2695 1919 2756 rhetori-

167 2792 400 2857 csntur,
422 2781 585 2864 quod
624 2803 748 2844 non
786 2780 910 2842 sint
944 2801 1219 2864 personae
1262 2777 1580 2852 distinctae,
1609 2777 1714 2838 sed
1756 2776 1918 2859 quod

165 2863 440 2927 Verbum
462 2863 763 2947 significet
785 2864 1037 2926 verbum
1060 2862 1286 2936 vocale,
1308 2873 1370 2922 et
1398 2861 1657 2943 Spiritus
1682 2871 1916 2921 motum

169 2947 232 3009 in
262 2947 440 3009 rebus
468 2959 755 3009 creatum.

614 3090 700 3152 11.
743 3090 850 3151 De
877 3089 1141 3151 Peccata
1175 3089 1474 3172 Originis.

175 3191 412 3271 ITEM
456 3206 695 3281 docent,
723 3205 887 3288 quod
925 3219 1065 3290 post
1101 3208 1339 3291 lapsum
1370 3204 1523 3266 Adae
1558 3226 1768 3265 omnes
1808 3204 1918 3266 ho-

171 3290 383 3363 mines,
406 3288 738 3350 secundum
767 3300 1043 3382 usturam
1075 3311 1184 3372 pro
1230 3289 1411 3382 agati,
1434 3298 1756 3347 nascantur
1776 3309 1917 3349 cum

169 3383 440 3517 ζώω,
482 3372 599 3432 hoc
640 3383 750 3446 est,
786 3382 1134 3464 sine-metu·
1235 3392 1311 3444 ei,
1344 3370 1472 3430 sine
1516 3368 1738 3462 fiducia
1778 3392 1921 3454 erga

273 3477 399 3530 um,
426 3465 489 3516 et
517 3477 659 3516 cum
690 3465 1196 3536 concupiscentis,
1223 3451 1507 3534 quodque
1530 3450 1631 3512 hnc
1653 3453 1919 3527 morbus,

57 3549 62 3555 ‘
172 3560 278 3599 seu
319 3538 535 3599 vitium
581 3536 827 3620 originis
869 3557 1006 3597 vere
1047 3536 1126 3597 sit
1163 3546 1506 3620 peccatum,
1531 3533 1826 3597 damnans
1857 3547 1920 3597 et

173 3620 418 3683 afferens
446 3644 610 3683 nunc
639 3641 883 3702 quoque
910 3630 1198 3681 aeternam
1228 3629 1485 3680 mortem
1519 3616 1635 3692 his,
1659 3617 1765 3699 qui
1795 3640 1916 3680 non
2011 3687 2019 3691 ,

1680 3776 1713 3787 l
