2418 4172
788 416 1262 471 sAonICA.
1782 418 1891 475 809

111 605 114 608 ι
138 580 214 624 oe
237 558 359 623 mci
406 558 489 620 iat
508 558 699 632 Deus,
721 558 912 620 inanis
939 571 1048 620 est.
1114 555 1515 619 Meminimus
1543 555 1884 617 Lutherum

140 661 301 723 ape
378 641 566 702 icere:
608 649 646 678 “
679 641 753 707 ln
784 641 987 703 Veteri
1014 640 1407 702 Testamento
1450 637 1679 698 illustre
1723 634 1906 697 testi-⁶

137 730 177 764 ‘⁸
206 723 481 787 monium
530 745 660 786 esse
708 722 1036 784 divinitatis
1087 721 1349 792 Messias,
1395 718 1559 801 quod
1608 719 1887 779 adfirmat

138 812 178 843 ‘⁸
203 827 346 869 eum
378 806 687 868 invocari.”
773 804 856 865 Et
899 805 1012 864 hac
1056 802 1415 884 proprietate
1454 802 1710 863 Messias
1742 803 1823 862 ibi
1855 825 1888 861 a

137 888 370 952 ceteris
396 886 706 969 prophetis
731 885 1106 946 discernitur.
1192 883 1266 944 ld
1309 883 1727 965 gravissimum
1772 897 1889 944 tes-

139 968 464 1033 timouium
506 969 867 1049 querebatur
909 969 1293 1028 obscuratum
1345 977 1408 1026 et
1458 966 1884 1027 labefactatum

137 1073 289 1126 esse,
328 1051 615 1113 translata
663 1050 1038 1112 invocatione
1087 1048 1161 1109 ad
1213 1049 1362 1109 alios
1413 1049 1711 1110 homines.
1795 1051 1888 1110 Ac

136 1145 383 1218 propter
412 1133 570 1194 banc
597 1134 784 1194 solam
817 1154 1080 1204 causam,
1105 1130 1363 1207 dicebat,
1389 1131 1884 1193 consuetudinem

140 1215 289 1280 alios
318 1215 633 1278 invocandi
665 1215 1122 1298 improbandam
1153 1237 1299 1275 esse.

222 1298 569 1361 Secundum
601 1309 1030 1380 argumentum
1067 1310 1191 1358 est:
1235 1296 1413 1357 Irrita
1453 1308 1546 1358 est
1588 1297 1887 1358 invocatio

139 1380 273 1445 sine
316 1380 457 1454 fide,
488 1392 552 1443 et
594 1381 796 1443 nullus
838 1381 1037 1442 cultus
1070 1381 1133 1440 in
1172 1379 1508 1441 Ecclesiam
1548 1380 1676 1440 sine
1720 1402 1889 1440 man-

139 1463 284 1528 dato
309 1462 515 1525 divino
543 1463 916 1526 invehendus
937 1475 1046 1524 est.
1108 1461 1297 1523 Nulla
1325 1474 1527 1523 autem
1558 1473 1724 1523 extat
1752 1485 1889 1523 sen-

142 1546 351 1620 tentia,
375 1567 515 1627 quae
557 1546 835 1607 ostendat
875 1545 1318 1606 invocationem
1363 1545 1539 1619 hanc,
1566 1566 1749 1625 quam
1782 1544 1889 1605 de-

139 1627 414 1702 fendunt,
440 1627 514 1690 ad
561 1628 836 1691 homines
873 1628 1118 1701 factam,
1145 1616 1284 1687 Deo
1313 1628 1566 1708 placere,
1593 1639 1656 1687 et
1688 1627 1890 1688 effica-

139 1731 276 1773 ωσι
316 1731 465 1772 esse.
530 1710 665 1771 ‚Est
708 1710 892 1791 igitur
931 1709 1095 1769 irrita
1138 1709 1452 1770 invocatio.
1541 1709 1753 1776 Qualis
1798 1720 1890 1769 est

136 1792 306 1856 euim
346 1791 629 1885 precatio,
670 1792 789 1852 boc
830 1790 1014 1851 modo
1058 1790 1337 1850 accedere
1380 1790 1456 1851 ad
1483 1790 1748 1865 Annam,
1785 1802 1891 1851 aut

136 1874 508 1957 Georgium:
534 1874 780 1948 Invoco,
802 1873 904 1935 sed
934 1872 1149 1934 dubito
1178 1884 1381 1933 utrum
1412 1883 1518 1933 tua
1547 1872 1891 1934 intercessio

138 1956 294 2020 mihi
333 1957 539 2040 pmsit,
579 1956 792 2019 dubito
840 1979 919 2017 an
967 1977 1066 2016 me
1114 1954 1340 2030 audias,
1382 1978 1458 2016 an
1509 1955 1657 2016 mihi
1708 1978 1885 2039 opem

221 2122 288 2183 Si
317 2120 596 2183 homines
625 2121 754 2182 haec
783 2141 995 2181 arcana
1026 2130 1274 2201 peccata
1302 2118 1723 2203 intelligerent,
1753 2142 1891 2181 exe-

139 2216 446 2267 crarentur
473 2203 622 2265 tales
660 2203 1031 2285 precationes
1055 2225 1071 2260 z
1116 2213 1186 2262 ut
1210 2223 1413 2262 revera
1441 2215 1582 2263 sunt
1609 2225 1891 2263 execran-

139 2286 252 2362 dae,
278 2298 341 2348 et
369 2299 510 2348 suut
536 2286 811 2347 ethnicae.
896 2286 1110 2346 Postea
1137 2306 1213 2345 ex
1242 2284 1463 2345 talibus
1488 2285 1648 2345 vitiis
1679 2286 1890 2366 quanti

0 2426 7 2432 .
138 2369 367 2432 furones
422 2369 798 2450 sequuntur?
858 2389 1181 2428 concursus
1234 2378 1299 2427 et
1353 2367 1757 2429 invocationes
1814 2368 1889 2428 ad

138 2462 331 2516 certus
372 2462 616 2525 stamas,
644 2450 859 2534 petitio
899 2462 1196 2511 certorum
1229 2450 1656 2511 beneficiorum
1698 2473 1734 2511 a
1770 2450 1893 2510 sin-

139 2534 452 2629 gulistfb
484 2534 683 2606 Anna,
726 2544 795 2594 ut
842 2556 877 2595 a
909 2534 1181 2627 5Junone,
1225 2544 1516 2627 petuntur
1550 2533 1810 2594 divitiae:
1854 2556 1891 2593 a

137 2616 851 2783 ffls'sssszfflffit
867 2615 1632 2773 νζῗοῗῗῷἶῑὲὼᾱῗὲζῖἳῗὲ
1655 2616 1890 2781 {2223}

141 2802 297 2842 rum.
383 2781 540 2843 Haec
583 2782 817 2845 etiamsi
866 2781 1179 2842 adversarii
1222 2781 1436 2842 dicunt
1477 2805 1540 2842 se
1583 2804 1702 2840 non
1748 2803 1887 2862 pro-

143 2863 305 2935 bare,
350 2874 556 2925 tamen
613 2865 761 2925 lucri
818 2886 998 2926 causa
1051 2864 1330 2939 retinent,
1381 2875 1448 2924 ut
1498 2863 1885 2924 manifestum

144 2956 649 3110 &adjungamus
678 3039 739 3088 et
772 3006 1019 3123 tertium
1058 3040 1501 3111 argumentum.
1587 3027 1890 3110 Expresse

146 3110 437 3192 scriptum
466 3122 590 3207 est:
641 3109 813 3172 Unus
842 3120 932 3172 est
960 3110 1279 3204 Mediator
1311 3111 1528 3204 Dei-et·
1566 3111 1890 3204 hominum,

146 3191 929 3358 ...mcss'xmffla
951 3193 1280 3356 Ἐὲἒςὲῗῆ
1293 3205 1892 3337 οἶοὲἒήῒῖιὲςῗῖἑῗ

146 3380 359 3420 nosse:
402 3357 586 3427 Quod
629 3379 812 3419 nemo
853 3357 928 3419 ad
971 3358 1175 3419 Deum
1221 3357 1501 3419 accedere
1540 3358 1747 3440 possit,
1774 3358 1891 3427 nisi

146 3440 368 3504 fiducia
413 3441 592 3521 hujus
621 3439 997 3511 Mediatoris,
1025 3441 1129 3521 qui
1173 3440 1355 3500 simul
1401 3440 1740 3523 interpellat
1780 3464 1894 3540 pro

43 3549 50 3554 ·
146 3524 340 3596 uobis,
369 3536 440 3584 ut
479 3525 609 3607 ipse
650 3523 884 3604 inquit:
926 3522 1124 3584 Nemo
1156 3523 1324 3583 venit
1360 3523 1445 3584 ad
1469 3522 1743 3599 Patrem,
1769 3547 1892 3587 nm

137 3627 258 3700 per
282 3606 531 3701 Elium.
614 3605 700 3667 Et
729 3606 908 3686 jubet
948 3605 1079 3688 ipse
1120 3628 1229 3666 uos
1273 3605 1348 3667 ad
1382 3628 1510 3703 sese
1554 3606 1892 3705 confugere,

150 3711 460 3771 inquiens:
525 3690 593 3752 V
587 3698 745 3751 ende
793 3689 877 3750 ad
922 3710 1022 3831 m}
1050 3710 1265 3833 gmnes·
1311 3711 1418 3772 qm
1475 3688 1784 3784 laborajoe,
1828 3701 1891 3753 et
