2418 4172
494 371 602 423 280
1129 373 1612 432 CONFESSIO

500 534 601 573 cos
646 523 708 575 et
753 514 1036 576 honestos
1079 538 1208 578 esse
1250 540 1622 599 congressus,
1648 531 1711 581 et
1753 520 1814 581 in
1861 520 1954 582 his
1981 521 2115 583 vult
2151 542 2248 583 so-

503 617 645 657 nare
683 597 993 678 Evangelii
1025 620 1255 673 vocem,
1284 601 1414 662 vult
1457 623 1519 662 se
1559 603 1640 663 ibi
1690 602 1948 665 invocari
1990 617 2053 667 et
2093 605 2250 665 cele-

505 679 678 740 brari.
761 680 912 741 Vult
953 682 1132 742 etiam
1182 682 1289 743 hos
1334 684 1495 778 ipsos
1531 707 1882 767 congressus
1910 698 2092 748 testes
2119 708 2251 747 esse

503 762 909 838 confessionis,
929 776 990 824 et
1018 765 1405 845 sejunctionis
1436 767 1723 829 Ecclesiae
1745 768 1864 828 Dei
1896 769 1973 829 ab
2001 768 2253 829 aliarum

506 845 779 987 {entium
831 847 1005 908 sectis
1052 862 1113 908 et
1156 849 1556 931 opinionibus.
1643 851 1944 912 Convenit
1984 852 2255 913 Joannes

569 928 739 1010 phesi
779 951 920 990 cum
952 952 1060 990 suo
1089 944 1273 1004 coetu,
1302 944 1363 991 et
1390 932 1567 993 docet
1596 932 2020 1015 Evangelium,
2046 949 2108 994 et
2142 953 2256 994 usu

511 1024 1016 1072 sacramentorum
1050 1024 1212 1073 totus
1241 1027 1437 1075 coetus
1466 1015 1728 1076 ostendit
1756 1039 1819 1077 se
1854 1016 2012 1077 hanc
2039 1015 2260 1077 doctri·

514 1113 653 1153 nam
687 1093 989 1174 amplecti,
1017 1106 1079 1154 et
1110 1095 1271 1157 hunc
1296 1095 1500 1157 Deum
1533 1098 1829 1171 invocare,
1854 1100 1957 1180 qui
1980 1098 2260 1180 Evange-

514 1174 664 1235 lium
707 1173 971 1248 tradidit,
998 1188 1062 1236 et
1097 1176 1435 1255 sejunctum
1476 1202 1540 1239 se
1577 1203 1705 1240 esse
1744 1203 1779 1241 a
1806 1181 2042 1255 Dianae,
2066 1180 2262 1255 Jovis,

515 1269 577 1317 et
619 1257 868 1317 aliorum
915 1257 1210 1319 idolorum
1255 1260 1603 1322 cultoribus.
1687 1262 1841 1324 Vult
1880 1263 2045 1324 enim
2087 1263 2261 1325 Deus

518 1340 781 1421 conspici
812 1351 873 1399 et
901 1340 1091 1400 audiri
1122 1363 1292 1402 suam
1322 1341 1658 1404 Ecclesiam
1690 1345 1751 1405 in
1784 1344 2032 1419 mundo,
2051 1345 2265 1406 etvult

518 1420 849 1500 sejunctam
882 1445 1010 1483 esse
1041 1423 1245 1484 multis
1276 1425 1532 1507 publicis
1572 1426 1756 1508 signis
1786 1450 1822 1487 a
1847 1426 2093 1509 reliquis
2121 1447 2268 1509 gen-

517 1504 698 1565 tibus.
786 1505 888 1566 Sic
919 1505 1078 1567 haud
1116 1506 1299 1568 dubie
1328 1530 1464 1568 suos
1494 1522 1688 1570 coetus
1719 1510 2058 1571 babuerunt
2129 1508 2265 1570 rimi

520 1599 814 1670 parentes,
843 1588 1063 1664 Adam,
1091 1589 1260 1665 Seth,
1284 1589 1522 1665 Enoch,
1549 1592 1708 1667 Noe,
1737 1593 1902 1668 Sem,
1921 1531 2232 1654 Abrallam
2250 1614 2269 1652 :

523 1682 584 1730 et
613 1670 823 1731 deince
869 1696 895 1732 s
923 1672 1134 1754 politia
1162 1673 1344 1734 Israel
1388 1674 1599 1736 habuit
1629 1676 1851 1736 multos
1884 1676 2052 1749 ritus,
2082 1686 2149 1735 ut
2177 1696 2272 1735 se-

514 1751 756 1832 junctio
804 1694 906 1814 illa
949 1777 984 1815 a
1024 1755 1304 1836 gentibus
1346 1768 1502 1817 esset
1542 1757 1932 1841 conspectior.
2016 1755 2273 1819 Addidit

524 1835 707 1896 etiam
739 1835 1099 1919 peculiarem
1127 1838 1588 1921 promissionem
1619 1839 2096 1923 congregationi:
2127 1837 2275 1900 Ubi-

529 1940 762 2002 cunque
817 1920 936 1981 duo
984 1929 1093 1982 aut
1141 1929 1266 1983 tres
1315 1924 1679 2005 congregati
1724 1931 1869 1984 sunt
1918 1923 1987 1983 iu
2032 1922 2274 1984 nomine

526 2023 676 2074 mec,
707 2024 810 2063 ero
849 2003 915 2064 in
957 2003 1151 2065 medio
1192 2026 1414 2065 eorum.
1472 2004 1670 2065 Item:
1720 2004 2035 2087 Quicquid
2062 2012 2275 2101 petent

529 2083 1103 2168 consmtientesfiet
1141 2086 1244 2147 eis.
1308 2086 1392 2147 Et
1420 2086 1481 2147 in
1515 2088 1669 2148 Psal.
1701 2087 1878 2149 Laus
1906 2086 2038 2170 ejus
2062 2086 2274 2149 mEc-

529 2169 712 2229 clesia
737 2177 1101 2230 sanctorum.
1187 2169 1443 2250 Sintque
1476 2171 1922 2252 promissiones,
1951 2172 2010 2231 in
2055 2169 2277 2252 quibus

528 2251 809 2312 adfirmat
828 2252 1001 2314 Deus
1029 2275 1092 2313 se
1113 2252 1448 2314 Ecclesiam
1473 2267 1843 2315 servaturum
1873 2275 2020 2328 esse,
2047 2274 2122 2314 eo
2146 2251 2281 2313 dul-

529 2334 737 2409 ciores,
765 2335 908 2416 quia
944 2336 1335 2418 intelligimus
1365 2358 1503 2397 eum
1533 2337 1845 2420 publicum
1879 2334 2278 2397 ministerium

532 2418 594 2478 in
643 2419 1060 2500 congressibus
1111 2418 1379 2480 honestis
1426 2442 1772 2480 conservare
1827 2431 1891 2480 et
1938 2418 2278 2479 restituere:

534 2500 691 2561 sicut
734 2514 795 2561 et
843 2501 904 2560 in
956 2501 1102 2583 ipsis
1145 2501 1341 2562 verbis
1384 2523 1575 2562 coenae
1615 2501 1869 2563 Domini
1918 2500 2146 2562 inclusa
2187 2510 2281 2560 est

535 2582 664 2643 liaec
709 2582 1045 2664 promissio,
1078 2604 1216 2644 cum
1254 2584 1434 2664 jubet
1470 2584 1817 2645 annunciari
1861 2595 2117 2644 mortem
2151 2581 2282 2643 Do-

536 2664 706 2740 mini,
734 2677 795 2725 et
824 2665 980 2727 hanc
1010 2686 1248 2727 coenam
1279 2665 1574 2740 distribui,
1600 2666 1792 2727 donec
1819 2665 2068 2727 venerit.

622 2746 713 2809 Ut
740 2747 924 2830 igitur
950 2747 1276 2809 reverentia
1306 2748 1497 2829 major
1518 2748 1595 2810 sit
1625 2750 1684 2810 in
1717 2749 1896 2830 hujus
1925 2746 2280 2809 sacramenti

540 2852 671 2904 usu,
714 2852 865 2892 verae
921 2854 1115 2893 causae
1166 2831 1559 2893 institutionis
1615 2833 1972 2927 cogitentur,
2017 2850 2157 2913 quae
2205 2827 2285 2891 ad

536 2914 842 3056 publicam
884 2914 1428 2998 congregationem,
1456 2928 1518 2976 et
1553 2915 1628 2977 ad
1667 2914 2040 2998 singulorum
2070 2933 2286 2975 conso·

563 2996 824 3059 ationem
858 2998 1175 3081 pertinent.

625 3080 826 3142 Prima
866 3103 1046 3143 causa
1087 3094 1211 3142 est:
1257 3082 1444 3143 Filius
1492 3081 1608 3143 Dei
1652 3082 1781 3142 vult
1832 3083 1890 3143 in
1940 3079 2181 3165 publica
2224 3089 2288 3141 et

541 3163 793 3225 honesta
819 3165 1279 3248 congregatione
1308 3187 1517 3226 sonare
1534 3187 1740 3226 vocem
1762 3163 2096 3247 Evangelii.
2149 3161 2289 3225 Hu-

532 3245 635 3325 jus
678 3247 1157 3331 congregationis
1195 3248 1502 3310 vinculum
1540 3249 1669 3309 vult
1709 3270 1839 3309 esse
1882 3247 2038 3309 banc
2079 3264 2287 3327 sump-

544 3329 793 3403 tionem,
838 3352 973 3412 quoe
1022 3352 1261 3393 summa
1305 3331 1632 3393 reverentia
1674 3330 1949 3393 facienda
1990 3341 2101 3403 est,
2141 3344 2281 3388 cum

543 3411 623 3473 ibi
655 3413 1068 3476 testimonium
1112 3415 1469 3476 exhibeatur
1496 3413 1783 3476 mirandoe
1825 3409 2121 3475 societatis
2156 3406 2286 3469 Do-
2374 3450 2380 3456 -

549 3497 694 3557 mini
742 3508 802 3558 et
846 3497 1252 3559 sumentium:
1295 3497 1370 3559 de
1416 3519 1536 3580 qua
1578 3496 1902 3558 reverentia
1936 3490 2155 3587 Paulus
2198 3488 2286 3550 lo-

548 3579 769 3658 quitur,
798 3580 1072 3660 inquiens
1097 3603 1110 3640 :
1161 3581 1291 3647 Qua·
1324 3582 1508 3643 sumit
1546 3580 1811 3663 indigne,
1838 3595 1982 3638 reus
2008 3580 2128 3635 ert!
2157 3594 2285 3634 cor-

538 3662 707 3741 poris
737 3669 795 3721 et
825 3664 1144 3748 sanguinis
1170 3664 1445 3724 Domini.
1796 3679 1807 3688 ·
