2418 4172
521 377 630 431 fflR
1148 374 1634 429 CONFESSH)

523 540 660 581 mur
687 518 850 582 hunc
875 539 1012 580 vere
1049 538 1178 578 esse
1205 516 1433 587 Deum,
1460 537 1641 598 quem
1683 516 1771 577 sic
1806 516 2076 579 colimus.
2161 517 2257 579 Ita

522 601 748 664 Ezech.
767 623 870 663 xx.
891 611 1128 662 revocat
1156 622 1266 660 nos
1295 599 1369 660 ad
1389 612 1687 682 praecepta
1714 598 1934 668 divina,
1955 599 2256 682 inquienst

521 684 601 746 In
633 685 948 765 proeceptis
983 690 1233 764 patrum
1265 690 1595 744 vestrorum
1622 680 1811 742 nolite
1836 680 2130 756 incedere,
2153 682 2263 744 sed

519 767 586 828 in
604 768 925 849 praeceptir
950 767 1100 827 meis
1126 764 1446 826 ambulate.
1530 763 1615 824 Et
1642 786 1798 847 saepe
1826 763 2092 845 repetitoe
2117 781 2261 825 sunt

521 849 616 910 hae
666 850 1005 911 conciones.
1088 848 1172 908 Et
1212 847 1272 908 in
1315 847 1469 908 Psal.
1499 846 1783 907 Lucerna
1819 845 2075 926 pedibus
2113 846 2262 908 meis

519 932 765 995 verbum
792 940 980 994 tuum.
1064 930 1149 991 Et
1176 929 1237 990 in
1267 929 1521 991 Numer.
1549 951 1678 1011 cap.
1707 950 1804 990 xv.
1835 928 1978 988 Non
2004 949 2261 1012 sequan-

522 1022 628 1077 tur
656 1014 1047 1097 cogitationes
1072 1032 1238 1073 suas.

603 1096 842 1156 Tertius
884 1115 1045 1156 error
1084 1104 1208 1155 est:
1254 1094 1610 1176 Hypocritoe
1638 1095 1878 1175 fingunt
1909 1093 2053 1154 talia
2079 1114 2258 1177 opera

520 1176 904 1261 perfectionis
932 1197 1080 1249 esse,
1107 1185 1178 1235 ut
1205 1175 1487 1236 monachi
1528 1190 1636 1236 sua
1663 1187 1803 1236 vota
1830 1175 2010 1257 plena
2034 1175 2262 1236 vanita-

520 1261 598 1320 tis
650 1258 990 1320 anteferunt
1032 1256 1172 1318 vitae
1297 1256 1476 1318 liticae
1523 1268 1586 1317 et
1635 1257 2059 1318 oeconomicae:
2116 1278 2257 1319 cum

519 1341 691 1402 Deus
735 1338 1009 1402 mirando
1050 1278 1300 1400 consiliii
1337 1338 1421 1399 sic
1449 1338 1879 1400 consociaverit
1920 1358 2110 1420 genus
2147 1338 2262 1400 hu-

522 1445 791 1498 manum,
818 1434 887 1484 ut
924 1422 986 1483 in
1033 1421 1126 1482 his
1165 1421 1466 1482 laboribus
1509 1433 1571 1482 et
1691 1420 1891 1482 riculis
1929 1419 2079 1481 velit
2118 1441 2264 1482 eon-

520 1506 670 1588 spici
722 1505 925 1579 fidem,
975 1504 1435 1578 invocationem,
1480 1525 1593 1564 con
1622 1502 1940 1576 essionem,
1985 1512 2260 1564 mutuam

521 1588 1001 1661 beneficentiam,
1027 1586 1425 1661 tolerantiam,
1453 1597 1515 1646 et
1543 1586 1685 1646 alias
1713 1586 1982 1646 virtutes.

605 1672 870 1740 Quartus
898 1692 1075 1744 error,
1101 1680 1195 1730 est
1221 1669 1426 1751 opinio
1460 1668 1845 1742 necessitatis,
1873 1678 1943 1729 ut
1978 1668 2262 1743 scribunt,

520 1753 683 1833 quod
714 1752 1013 1833 jejunium
1047 1750 1519 1833 quadragesimae
1549 1751 1945 1811 necessarium
1976 1761 2104 1811 est:
2147 1749 2263 1811 alia

521 1835 826 1896 arbitraria
875 1845 1034 1895 sunt.
1116 1832 1252 1905 Nec
1299 1843 1537 1893 tantum
1584 1832 1930 1893 carnificina
1978 1844 2070 1894 est
2117 1854 2263 1893 con-

519 1917 805 1992 scientiae,
838 1916 1110 1997 judicare
1158 1937 1279 1976 non
1325 1937 1454 1975 esse
1495 1914 1928 1988 Christianum,
1968 1936 2089 1975 non
2132 1936 2262 1976 esse

522 2001 863 2060 membrum
915 1996 1200 2059 Ecclesiae
1247 1996 1387 2071 Dei,
1430 1995 1848 2057 comedentem
1905 2017 2111 2057 carnes
2163 1996 2264 2059 die

522 2094 709 2156 sexta,
738 2091 841 2142 aut
883 2101 1002 2140 non
1047 2089 1381 2140 servantem
1414 2077 1715 2158 jejunium
1753 2077 2262 2172 quadragesimoe3

522 2164 625 2225 sed
655 2185 815 2224 error
850 2173 942 2223 est
982 2162 1307 2222 obscurans
1344 2182 1436 2221 res
1481 2161 1793 2233 maximas,
1820 2159 2152 2223 doctrinam
2186 2161 2264 2223 de

510 2245 749 2326 justitia
776 2244 1110 2327 Evangelii,
1140 2255 1201 2304 et
1229 2243 1305 2305 de
1331 2242 1624 2318 Ecclesia,
1652 2243 1845 2324 qualis
1889 2242 1985 2319 sit,
2011 2254 2074 2304 et
2114 2264 2263 2325 quo-

521 2328 705 2389 modo
746 2326 1137 2389 discernenda
1178 2326 1299 2387 sint
1341 2327 1613 2387 membra
1640 2325 1949 2399 Ecclesiae,
1977 2348 2100 2387 non
2127 2326 2265 2388 cibo

520 2421 581 2472 et
624 2421 792 2494 potu,
821 2409 926 2471 sed
953 2409 1092 2482 fide,
1131 2408 1527 2484 invocatione,
1558 2419 1620 2468 et
1662 2408 1892 2469 caeteris
1920 2407 2262 2470 virtutibus.

518 2494 613 2553 Ac
655 2503 861 2554 contra
904 2491 1250 2574 opinionem
1295 2490 1663 2552 necessitatis
1706 2511 1983 2573 expresse
2026 2489 2264 2565 dicitur,

520 2574 748 2635 Coloss.
779 2575 840 2635 ii.
869 2574 1064 2635 Nemo
1090 2595 1191 2635 vos
1198 2572 1444 2655 judicet
1470 2574 1536 2633 in
1565 2573 1692 2633 cibo
1721 2580 1781 2633 et
1811 2579 1960 2653 potu
1980 2596 2003 2632 .·
2046 2583 2110 2634 et
2138 2573 2264 2635 Ga-

520 2657 624 2718 lat.
654 2678 710 2716 ν.
744 2656 816 2717 In
847 2654 1129 2717 libertate
1155 2676 1277 2738 qua
1312 2654 1596 2716 Christus
1622 2676 1725 2716 vos
1761 2654 2060 2730 liberavit,
2085 2663 2264 2732 state,

520 2761 632 2802 nec
657 2761 878 2800 rursus
894 2738 1062 2822 jugo
1098 2738 1411 2800 servitutis
1443 2737 1849 2819 implicemini.
1933 2736 2018 2798 Et
2058 2737 2264 2821 opinio

520 2822 889 2883 necessitatis
934 2842 1182 2903 magnas
1234 2819 1559 2881 discordias
1606 2842 1843 2903 semper
1881 2820 2152 2904 peperit:
2196 2831 2265 2883 ut

520 2905 664 2966 olim
710 2904 1124 2966 contentiones
1166 2902 1407 2964 fuerunt
1447 2902 1522 2964 de
1562 2902 1661 2964 die
1694 2902 2018 2986 paschatis,
2043 2902 2121 2964 de
2147 2903 2262 2965 fer·

521 2996 748 3062 ment0‚
775 2998 836 3048 et
868 3008 1031 3049 nunc
1067 2986 1292 3047 similes
1329 2984 1742 3047 contentiones
1786 2985 1993 3048 multae
2034 2997 2262 3048 exortae

521 3082 678 3132 sunt
2249 3102 2254 3109 ·

550 3219 554 3223 .
602 3153 871 3223 Quintus
908 3174 1068 3214 error
1094 3152 1324 3215 accedit
1366 3153 1438 3215 ad
1470 3155 1694 3237 priores
1722 3153 2053 3236 opiniones.
2138 3150 2263 3214 Hie

519 3258 696 3311 error,
724 3234 887 3317 quod
914 3235 1179 3319 episcopi
1211 3236 1324 3297 sibi
1354 3247 1603 3298 sumunt
1636 3246 1994 3319 potestatem
2026 3234 2262 3296 institu-

519 3317 656 3380 endi
688 3339 873 3379 novos
900 3318 1119 3392 cultus,
1139 3328 1201 3379 et
1227 3318 1535 3402 obligandi
1566 3317 1992 3380 conscientias:
2021 3327 2088 3379 ut
2107 3315 2251 3378 Gre-

519 3401 720 3482 gorius
776 3400 1105 3476 constituit,
1153 3411 1221 3462 ut
1278 3401 1473 3463 mariti
1532 3401 1802 3463 translati
1862 3398 1936 3461 ad
1985 3395 2253 3459 ordinem

518 3484 1020 3565 presbyterorum,
1062 3484 1464 3565 relinquenent
1512 3482 2005 3545 consuetudinem
2049 3476 2257 3557 conju-

519 3585 685 3642 gum,
713 3575 774 3625 et
810 3565 1160 3629 constitutio
1200 3565 1276 3627 de
1305 3565 1676 3628 confessione
1718 3560 1985 3654 precipit
2010 3580 2258 3621 enume-
2355 3642 2359 3643 γ

520 3644 828 3720 rationem,
855 3660 916 3708 ct
953 3647 1188 3709 decreta
1230 3647 1388 3710 facta
1431 3658 1574 3709 sunt
1614 3646 1691 3708 de
1727 3640 2068 3706 discrimine
2095 3641 2257 3702 cibo-
