2418 4172
467 310 575 366 206
1097 309 1585 366 CONFESSIO

466 454 562 516 cia
590 451 1011 516 misericordiae
1039 451 1288 527 Christi,
1313 453 1682 515 obrueretur.
1767 451 1923 516 Haec
1951 453 2217 538 pericula

465 534 658 600 caveri
691 535 908 597 Paulus
947 534 1155 610 voluit,
1185 535 1448 597 maxime
1485 534 1647 597 enim
1694 557 1848 619 opus
1883 547 1976 598 est
2011 549 2218 598 extare

468 619 528 681 in
579 618 831 680 ecclesia
924 640 1091 678 uram
1135 618 1468 680 doctrinam
1513 618 1589 679 de
1633 618 1927 681 beneficio
1968 618 2216 692 Christi,

465 701 543 765 de
574 701 800 763 ’ustitia
827 702 867 761 fi
913 701 987 772 ci,
1013 700 1088 760 de
1117 702 1523 763 consolatione
1550 701 2071 764 conscientiarum.

629 783 849 846 cundo.
923 783 1042 844 Hae
1074 783 1419 846 traditiones
1455 784 1923 846 obscuraverunt
1956 806 2218 868 praecep-

465 878 530 929 ta
578 867 726 938 Dei,
785 865 925 947 quia
985 866 1118 926 haec
1171 867 1522 960 paedagogia
1576 867 2034 929 existimabatur
2085 888 2218 927 esse

466 949 790 1033 spiritualis
829 961 891 1010 et
919 947 1263 1010 Christiana
1290 949 1544 1029 justitia.
1635 950 1790 1011 Item
1823 950 2218 1033 praefereban-

465 1044 565 1094 tur
610 1033 891 1093 humanoe
939 1030 1289 1092 traditiones
1338 1032 1652 1115 praeceptis
1697 1032 1839 1093 Dei.
1923 1032 2220 1094 Christia-

466 1115 699 1176 nismus
749 1124 910 1173 totus
959 1113 1285 1194 putabatur
1339 1136 1469 1174 esse
1525 1115 1863 1176 observatio
1917 1125 2215 1177 certarum

466 1197 767 1269 feriarum,
797 1195 1044 1268 rituum,
1063 1193 1456 1274 jejuniorum,
1487 1197 1754 1257 vestitus.
1841 1197 1998 1259 Haec
2031 1197 2219 1278 ποχᾶ

466 1279 703 1360 στοιχεῖα
729 1290 898 1338 erant
927 1277 988 1336 in
1021 1277 1391 1358 possessione
1423 1277 1827 1339 honestissimi
1850 1279 2032 1353 tituli,
2050 1278 2218 1360 quod

465 1370 664 1422 essent
712 1360 836 1420 vita
887 1382 914 1419 s
960 1359 1244 1430 iritualis;
1306 1359 1453 1420 item
1511 1359 1799 1442 perfectio
1854 1360 2216 1423 Christiana.

465 1444 717 1505 Interim
763 1381 1048 1503 mansam
1073 1442 1195 1504 Dei
1234 1441 1310 1502 de
1348 1443 1663 1503 vocatione
1704 1444 1933 1505 nullam
1973 1441 2217 1505 laudem

466 1527 789 1588 habebant.
875 1524 1055 1595 Quod
1106 1525 1531 1608 paterfamilias
1582 1525 1879 1588 educabat
1925 1526 2221 1601 sobolem,

465 1609 628 1691 quod
673 1620 864 1669 mater
907 1609 1194 1690 pariebat,
1237 1608 1402 1689 quod
1444 1609 1724 1692 princeps
1769 1610 2014 1691 regebat
2059 1629 2219 1670 rem·

508 1692 793 1765 ublicam,
838 1691 967 1751 haec
1021 1712 1204 1773 opera
1258 1690 1363 1751 des
1411 1690 1762 1765 iciebantur,
1808 1713 1929 1753 non
1978 1690 2219 1773 judica-

465 1715 686 1836 bantur
726 1796 855 1835 esse
898 1773 1097 1833 cultus
1143 1772 1280 1835 Dei.
1365 1713 1776 1835 esersabantur
1823 1774 1886 1835 in
1929 1786 2217 1858 perpetua

466 1856 843 1919 dubitatione
874 1868 1104 1916 mentes
1133 1856 1554 1940 plurimorum,
1581 1878 1656 1917 an
1691 1855 2064 1939 conjugium,
2091 1877 2219 1918 ma-

467 1939 747 2023 gistratus
786 1949 848 1999 et
885 1938 1112 1999 similes
1140 1938 1278 2000 vitae
1306 1938 1496 1999 civilis
1530 1938 1891 2012 functiones,
1920 1939 2061 2000 Deo
2085 1939 2217 2022 pla·

467 2034 689 2084 cerent.
792 2021 954 2082 Haec
1023 2019 1323 2082 dubitatio
1386 2020 1612 2081 multos
1676 2019 1851 2082 valde
1914 2019 2219 2083 cruciavit.

469 2105 680 2179 Multi,
709 2103 943 2165 deserta
981 2124 1087 2163 sua
1125 2104 1458 2177 vocatione,
1487 2102 1719 2164 deserta
1756 2103 2083 2187 republica,
2112 2104 2220 2165 ab·

466 2188 749 2249 diderunt
787 2210 850 2247 se
888 2185 948 2247 in
983 2186 1361 2261 monasteria,
1393 2199 1459 2247 ut
1486 2186 1622 2248 vitae
1651 2208 1843 2270 genus
1871 2198 2222 2268 quoererent,

467 2270 630 2352 quod
675 2270 1114 2331 arbitrabantur
1158 2269 1296 2330 Deo
1343 2269 1536 2353 magis
1581 2270 1838 2352 placere,
1879 2270 2008 2331 imo
2055 2266 2218 2352 quod

467 2354 908 2415 arbitrabantur
937 2353 1148 2413 mereri
1179 2352 1591 2413 remissionem
1626 2363 2029 2435 peccatorum.

548 2437 773 2497 Tertio,
858 2435 1087 2517 Opinio
1133 2435 1502 2496 necessitatis
1547 2434 1727 2495 etiam
1781 2434 2009 2496 duriter
2048 2455 2219 2495 exer-

467 2519 594 2580 cuit
631 2517 1045 2580 conscientia&
1129 2517 1506 2578 Traditiones
1549 2516 2050 2579 existimabantur
2088 2538 2219 2578 esse

469 2601 833 2673 necessarioe,
861 2612 923 2660 ct
961 2612 1165 2660 tamen
1207 2622 1406 2672 nemo,
1436 2600 1772 2680 quamlibet
1808 2598 2083 2682 diligens,
2111 2600 2216 2660 ob-

469 2685 740 2746 servabat
777 2704 1005 2756 omnes,
1035 2683 1361 2765 praesertim
1404 2705 1544 2743 cum
1583 2682 1704 2743 sint
1732 2680 2220 2743 innumerabiles.

470 2768 702 2829 Gerson
756 2765 963 2827 scribit
1012 2765 1235 2827 multos
1286 2764 1567 2827 incidisse
1616 2765 1676 2825 in
1720 2764 2220 2847 desperationem,

468 2849 760 2932 quosdam
805 2848 985 2909 etiarn
1031 2849 1142 2909 sibi
1189 2860 1440 2909 mortem
1487 2848 1865 2922 conscivisse,
1907 2846 2052 2943 quia
2092 2846 2221 2909 ani·

470 2932 910 2995 madverterant
937 2954 1001 2992 se
1029 2954 1150 2992 non
1182 2954 1356 3015 posse
1386 2930 1723 2992 satisfacere
1757 2930 2218 3001 traditionibusg

468 3027 531 3077 et
557 3015 797 3078 interim
830 3014 1057 3076 nullam
1090 3014 1557 3076 consolationem
1589 3013 1664 3075 de
1704 3013 1912 3108 gratia,
1937 3011 2015 3075 de
2042 3011 2222 3093 justi-

469 3098 553 3161 tia
595 3098 732 3160 fidei
779 3096 1105 3159 audierant.
1190 3097 1483 3159 Videmus
1519 3108 1866 3158 summistae
1893 3108 1958 3158 et
1985 3095 2221 3158 theolo-

469 3204 576 3264 gos
619 3181 900 3264 colligere
941 3180 1307 3252 traditiones,
1336 3191 1397 3241 et
1436 3202 1700 3262 quaerere
1738 3178 2106 3249 ἐπιεικείας-ιιι
2132 3176 2219 3238 le-

470 3276 612 3325 vent
652 3263 1065 3326 conscientias.
1153 3262 1271 3324 Sed
1315 3285 1390 3325 nc
1421 3263 1534 3346 ipsi
1567 3262 1811 3344 quidem
1844 3261 1958 3324 sibi
1988 3256 2218 3323 satisfa-

470 3347 659 3421 ciunt,
681 3370 803 3408 non
834 3360 1087 3430 possunt
1114 3370 1178 3408 se
1207 3347 1348 3408 satis
1378 3346 1684 3421 extricare,
1706 3343 2003 3406 interdum
2031 3339 2215 3402 etiam

471 3429 586 3490 illoe
644 3430 790 3524 ipsae
849 3430 1366 3514 interpretationes
1423 3429 1702 3509 injiciunt
1765 3427 1823 3488 la
1866 3444 2010 3486 neos
2070 3443 2215 3483 con·

471 3513 751 3573 scientiis.
838 3512 921 3574 Et
970 3514 1030 3574 in
1083 3512 1504 3575 traditionibus
1559 3510 1778 3592 collige
1861 3507 1932 3582 is,
1985 3504 2070 3566 ita
2124 3504 2218 3566 fu-

471 3606 647 3654 erunt
688 3607 996 3675 occupatae
1038 3595 1260 3658 scholae
1303 3606 1364 3656 et
1404 3592 1742 3664 conciones,
1771 3600 1841 3651 ut
1880 3609 2004 3651 non
2045 3608 2218 3650 vaca·
