2418 4172
453 336 560 394 176
1084 339 1567 394 CONFESSIO

452 485 620 545 iones
676 493 985 567 spargunt,
1028 484 1266 564 fingunt
1324 494 1462 543 ante
1511 484 2005 546 resurrectionem
2064 485 2209 569 pios

451 588 635 651 regna
678 565 886 627 mundi
939 577 1334 649 occupaturos
1381 587 1528 635 esse,
1575 565 1801 647 ubique
1839 566 2053 629 deletis
2096 582 2202 630 aut

532 649 748 733 pressis
793 648 1013 730 impiis.
1097 647 1337 709 Scimus
1384 648 1546 708 enim
1597 648 1758 730 quod
1806 649 1889 732 pii
1941 649 2202 712 debeant

449 672 692 794 gssedire
734 732 1125 815 praesentibus
1172 731 1638 812 magistratibus,
1683 754 1802 792 non
1847 732 2077 815 eripere
2112 734 2200 795 eis

450 815 721 959 ilpip'eria‚
752 836 874 907 non·
908 812 1209 957 ‹lissgp'a‘re-
1232 814 1469 910 politias
1510 836 1615 896 per
1652 814 2030 959 setdigionem,
2058 815 2203 960 quia

500 920 672 959 auus
722 918 876 957 ›roeci
928 917 991 970 ι,
1142 918 1470 957 msamma
1499 919 1598 958 ma
1647 920 1763 958 tsr
1833 919 2136 959 utsuosu

450 981 582 1043 dita
623 920 721 1040 siti
807 919 1047 1039 Scimus
1090 979 1257 1052 item,
1300 978 1461 1060 quod
1509 980 1760 1040 eccesia
1805 981 1867 1040 in
1921 972 2035 1042 hac
2078 980 2202 1042 vita

450 1063 718 1142 subjecta
748 1062 825 1121 sit
854 1061 1033 1133 cruci,
1062 1071 1124 1121 et
1152 1061 1417 1143 primum
1450 1074 1587 1143 post
1620 1063 1776 1124 hanc
1803 1063 1988 1124 vitam
2020 1063 2202 1145 glori-

451 1145 765 1207 ficabitur:
811 1142 967 1202 sicut
1007 1142 1227 1203 Paulus
1271 1143 1489 1223 inquit,
1524 1142 1783 1225 Oportet
1822 1167 1933 1207 nos
1971 1146 2203 1208 similes

427 1226 592 1311 fieri
645 1226 935 1308 imaginis
970 1223 1116 1307 filii
1171 1224 1318 1285 Dei.
1406 1226 1608 1293 Quare
1663 1228 2199 1310 Anabaptistarum

450 1310 776 1370 amentiam
808 1320 870 1367 et
897 1306 1263 1369 diabolicum
1294 1305 1556 1369 furorem
1579 1331 1819 1390 prorsus
1841 1309 2209 1373 damnamus-

451 1403 512 1452 et
539 1411 908 1452 execramur.

532 1474 917 1535 Damnamus
982 1483 1044 1532 et
1099 1472 1492 1555 origenistas,
1549 1473 1652 1553 qui
1713 1474 2022 1536 finxerunt
2074 1474 2204 1537 dia-

451 1558 603 1618 bolis
633 1569 694 1617 et
722 1555 1022 1616 damnatis
1053 1556 1239 1616 finem
1270 1576 1589 1639 poenarum
1621 1555 1892 1618 futurum
1923 1579 2070 1619 esse.

1206 1698 1451 1760 XVIII.

451 1788 604 1869 DE
643 1804 831 1864 libero
870 1801 1116 1863 arbitrio
1154 1801 1395 1876 docent,
1424 1801 1586 1883 quod
1629 1801 1895 1863 humana
1924 1802 2200 1864 voluntas

453 1888 674 1948 babeat
722 1885 985 1966 aliquam
1035 1884 1372 1945 libertatem
1417 1884 1492 1945 ad
1535 1884 1912 1945 efficiendam
1957 1885 2198 1947 civilem

440 1969 765 2052 justitiam,
805 1980 868 2029 et
908 1966 1240 2059 diligendas
1284 1988 1376 2027 res
1418 1967 1633 2027 rationi
1679 1967 1995 2047 subjectas.
2079 1967 2201 2029 Sed

452 2075 574 2114 non
615 2053 798 2112 babet
835 2051 958 2110 vim
997 2070 1127 2110 sine
1156 2049 1200 2110 S
1244 2049 1383 2110 iritu
1414 2049 1639 2110 Sancto
1674 2048 2003 2111 efficiendae
2020 2050 2206 2130 justi-

456 2136 557 2197 tiae
598 2133 956 2217 spiritualis:
1003 2133 1146 2213 quia
1184 2072 1433 2229 ssaulus·
1461 2131 1626 2229 (licit,
1668 2131 1985 2230 Animal&
2032 2132 2204 2195 homo

451 2214 2204 2382 Zigitff'fvssffffifflnifssffitgssfflpssffi3323ssssss

453 2380 2204 2548 {Rii‘gaaffitflss¹¹⁸‘ffsssrssns‘ssiriiissnffuffinifflssffssiiss31¹1?

454 2572 594 2610 cum
626 2550 808 2609 verbo
835 2546 953 2607 Dei
986 2546 1363 2620 assentimur,
1391 2558 1459 2606 ut
1488 2568 1598 2606 nos
1630 2546 1748 2607 fide
1777 2546 1840 2607 in
1876 2547 2201 2609 terroribus

454 2630 870 2694 consolemur:
917 2629 1073 2690 sicut
1123 2628 1340 2689 Paulus
1391 2627 1567 2689 docet
1609 2651 1750 2690 cum
1795 2630 1897 2704 ait,
1937 2628 2022 2692 Ut
2058 2651 2204 2712 pro-

454 2714 797 2777 missionem
827 2712 1099 2794 Spiritus
1127 2711 1445 2793 accipiatis
1463 2709 1805 2795 per-fidem.
1879 2711 2035 2775 Hoec
2063 2713 2204 2775 toti·

455 2797 594 2860 dem
635 2795 830 2857 verbis
857 2794 1007 2857 dicit
1034 2794 1412 2877 Augustinus
1443 2794 1594 2855 libro
1621 2795 1799 2856 tertio
1834 2793 2204 2880 Hypognos-

457 2894 639 2944 ticon.

541 2974 577 3001 ‘⁴
606 2962 757 3023 Esse
785 2961 1046 3023 fatemur
1074 2959 1327 3022 liberum
1360 2960 1671 3022 arbitrium
1701 2961 1984 3025 omnibus
2006 2961 2204 3023 bomi-

455 3055 492 3084 “
523 3047 720 3119 nibus,
751 3045 978 3106 babens
1020 3042 1265 3125 quidem
1299 3043 1602 3124 judicium
1646 3043 1909 3118 rationis,
1938 3065 2057 3105 non
2095 3065 2204 3127 per

457 3141 494 3167 “
525 3127 686 3224 quod
730 3126 808 3188 sit
844 3126 1128 3188 idoneum
1176 3127 1235 3187 in
1276 3126 1349 3187 iis
1388 3149 1523 3209 quae
1559 3125 1632 3187 ad
1663 3126 1867 3188 Deum
1899 3126 2202 3210 pertinent

456 3221 492 3250 “
522 3234 651 3273 sine
678 3210 818 3272 Deo
844 3221 947 3272 aut
976 3209 1274 3280 inchoare,
1297 3222 1401 3271 aut
1429 3221 1588 3270 certe
1618 3231 1916 3293 peragere,
1939 3207 2043 3271 sed
2071 3220 2201 3271 tau-

456 3301 492 3332 “
521 3307 652 3356 turn
694 3294 753 3355 in
797 3292 1075 3378 operibus
1104 3291 1240 3353 vitre
1270 3292 1599 3375 praesentis,
1631 3305 1755 3354 tam
1798 3292 1989 3367 bonis,
2014 3310 2195 3372 quam

458 3384 493 3414 “
524 3377 731 3438 malis:
778 3376 949 3437 bonis
986 3374 1141 3450 dieo,
1170 3397 1305 3457 quae
1346 3375 1422 3437 de
1462 3376 1622 3436 bono
1652 3387 1881 3436 nature
1908 3372 2197 3442 oriuntur,

458 3468 493 3495 ‘⁶
524 3459 582 3519 id
614 3471 721 3530 est,
750 3459 904 3520 velle
933 3459 1197 3520 laborare
1226 3459 1288 3519 in
1329 3480 1505 3552 agro;
1550 3458 1702 3520 velle
1739 3453 2101 3518 manduoere
2137 3468 2197 3514 et

459 3550 495 3578 “
528 3542 730 3601 bibere
756 3568 773 3611 ς
830 3542 983 3602 velle
1014 3541 1233 3602 habere
1263 3562 1561 3611 amicum3
1595 3539 1746 3601 velle
1775 3536 1992 3598 habere
2021 3534 2198 3597 indu-

462 3631 498 3660 “
532 3635 767 3691 mentm
812 3624 962 3684 velle
990 3623 1276 3684 fabricare
1303 3622 1551 3684 domum
1579 3647 1596 3692 ς
1641 3640 1888 3682 uxorem
1915 3618 2067 3680 velle
2088 3618 2197 3681 du-

2401 1460 2418 1565 ί

2389 1572 2418 1886 ἱ

2391 1927 2414 2315 Ξ

2385 2603 2403 2663 3,

2375 3499 2382 3515 ἱ

2374 3527 2385 3558 ’-

2366 3572 2385 3685 2

2354 3692 2383 3849 ἒ
2416 3824 2418 3860 4

2343 3852 2418 4172 l
