2418 4172
657 781 1446 916 PRAEFATlo.

873 974 1229 1016 *-

214 1111 367 1193 EX
409 1132 628 1213 quibus
663 1133 931 1216 partibus
962 1134 1092 1195 haec
1119 1134 1378 1195 conflata
1406 1132 1484 1194 sit
1512 1132 1776 1216 Sylloge,
1806 1154 1967 1214 quoe·

214 1250 354 1292 nam
413 1230 782 1314 singularum
841 1231 1010 1315 origo
1063 1232 1244 1292 fuerit
1297 1243 1359 1292 et
1416 1231 1682 1307 historia,
1728 1231 1968 1293 Titulus

207 1324 429 1409 operis,
450 1338 514 1388 et
542 1329 749 1388 breves
778 1349 913 1410 quoe
943 1339 1276 1410 sequuntur
1295 1328 1698 1402 Praefationes,
1726 1348 1799 1387 ex
1819 1326 1967 1388 Cor-

213 1443 358 1505 pore
406 1422 867 1485 Confessionum
920 1425 1224 1507 pleraeque
1275 1426 1396 1486 buc
1451 1425 1772 1495 translatae,
1822 1424 1965 1484 satis

210 1517 548 1601 designant.
631 1519 1054 1580 Catechismus
1091 1523 1294 1580 autem
1324 1520 1877 1603 Heidelbergensis,
1904 1533 1967 1583 et

210 1612 490 1675 Canones
517 1613 748 1691 Synodi
776 1613 1253 1675 Dordrechtanae
1288 1615 1558 1696 proprias
1589 1615 1834 1691 babent,
1868 1639 1966 1678 ea-

210 1707 351 1771 dem
379 1730 499 1790 qua
526 1730 707 1791 opera
746 1709 875 1791 ipsa
915 1709 1269 1769 auctoritate
1300 1710 1728 1791 promulgatas,
1756 1714 1968 1794 praefa-

208 1803 424 1866 tiones.
511 1804 653 1872 Quo
695 1804 945 1865 consilio
989 1804 1206 1865 horum
1252 1826 1374 1887 prae
1409 1806 1639 1866 caeteris
1675 1806 1961 1868 librorum

209 1898 511 1962 delectum
554 1900 830 1973 fecimus,
859 1912 922 1962 et
959 1901 1161 1962 recudi
1192 1901 1506 1982 jussimus,
1534 1902 1743 1983 paucis
1780 1925 1969 1986 expo-

209 1997 477 2059 nendum
526 2010 726 2059 restat.
810 1997 964 2058 Esse
1009 1997 1431 2058 Confessiones
1484 1998 1663 2059 hasce
1707 2000 1971 2082 antiqui-

209 2103 334 2155 tate
377 2116 485 2155 sua
514 2094 898 2168 venerabiles,
926 2106 986 2155 et
1029 2094 1275 2177 publica
1314 2094 1666 2155 auctoritate
1702 2095 1965 2157 munitas

210 2189 519 2273 prodiisse,
548 2213 641 2252 res
685 2190 815 2274 ipsa
853 2191 1151 2262 declarat3
1196 2191 1258 2251 in
1289 2191 1611 2252 manifesto
1648 2206 1741 2253 est
1777 2191 1963 2252 etiam

210 2286 450 2348 easdem
497 2287 573 2348 ad
611 2310 744 2348 eam
786 2289 1081 2370 pertinere
1109 2298 1556 2371 tempestatem,
1586 2288 1646 2349 in
1678 2311 1799 2370 qua
1832 2288 1965 2350 red-

208 2383 519 2466 integratae
558 2385 689 2464 jam
737 2385 1023 2446 doctrinae
1064 2385 1243 2468 potiti
1297 2407 1535 2446 summa
1581 2408 1725 2447 cum
1770 2387 1967 2447 inten-

206 2482 374 2544 tione
416 2482 604 2543 animi
647 2482 1041 2543 reformandae
1084 2482 1358 2564 religioni
1402 2482 1725 2545 studebant
1768 2484 1966 2545 bomi-

207 2598 351 2648 nes;
394 2587 457 2637 et
493 2576 567 2637 ad
598 2599 697 2637 eas
734 2577 980 2660 insuper
1009 2576 1332 2650 EcclesiaS,
1362 2599 1500 2658 quae
1535 2577 1597 2637 in
1638 2577 1766 2637 istis
1807 2589 1964 2638 tem-

207 2673 473 2756 poribus,
521 2674 613 2734 vel
674 2673 738 2735 in
787 2674 860 2735 iis
910 2696 1045 2756 quae
1095 2674 1371 2756 proxime
1421 2675 1962 2756 subsequebantur,

162 2806 178 2816 ·
210 2769 460 2830 maximi
499 2780 670 2831 erant
697 2770 961 2831 nominis
991 2781 1054 2831 et
1082 2770 1469 2844 auctoritatis.
1553 2772 1698 2832 Jam
1728 2772 1963 2833 Profes-

209 2865 299 2926 sio
315 2865 687 2942 Tridentina,
717 2878 921 2950 aperta
948 2878 1108 2928 certe
1137 2878 1198 2928 et
1226 2867 1503 2949 simplex,
1533 2867 1662 2928 sine
1690 2869 1815 2928 ulla
1843 2879 1963 2929 ter-

207 2961 601 3044 giversatione
629 2985 701 3024 ea
737 2963 988 3025 exhibet
1015 2962 1319 3045 dogmata,
1347 2963 1411 3023 in
1439 2963 1659 3045 quibus
1688 2975 1828 3046 post
1854 2986 1961 3025 ex-

209 3058 453 3120 haustas
479 3058 602 3119 fere
631 3082 772 3122 cum
804 3060 1324 3121 Reformatoribus
1361 3061 1788 3120 controversias
1819 3062 1962 3122 sub-

208 3154 363 3216 sedit
401 3156 674 3218 Ecclesia
703 3158 1002 3227 Romana.
1085 3156 1508 3218 Confessiones
1538 3156 1856 3217 Helvetica
1898 3168 1961 3218 et

205 3249 560 3332 Augustana
602 3254 737 3315 libri
781 3266 924 3316 sunt
954 3254 1384 3326 Ecclesiarum,
1411 3274 1544 3334 quae
1588 3274 1728 3312 cum
1769 3252 1830 3312 in
1870 3275 1961 3314 re-

205 3343 519 3408 formanda
546 3350 834 3431 religione
861 3350 1162 3433 principes
1203 3359 1391 3421 erant,
1416 3359 1545 3407 tum
1583 3368 1726 3407 mox
1757 3347 1960 3429 aliquo

207 3442 391 3504 modo
435 3445 496 3504 in
549 3444 808 3506 diversas
862 3458 1058 3528 partes
1111 3445 1404 3506 abierunt.
1489 3442 1787 3505 Saxonica
1827 3445 1957 3506 Au·

206 3550 476 3621 gustante
526 3539 948 3623 redintegratio
989 3551 1080 3601 est
1118 3551 1181 3600 et
1225 3537 1622 3599 confirmatio.
1706 3539 1958 3623 Belgica

206 3647 299 3697 est
340 3636 511 3698 istius
551 3637 840 3699 Ecclesiae
882 3637 1162 3709 formula,
1188 3656 1326 3718 quae
1371 3635 1526 3695 inter
1557 3656 1657 3695 eas
1700 3657 1835 3716 quae
1878 3658 1956 3698 ex

209 3730 527 3795 Helvetica
582 3734 877 3817 originem
950 3734 1292 3794 babuerunt
1363 3732 1627 3792 maxime
1682 3733 1995 3802 eminuit.-

1012 3853 1047 3890 a
1074 3841 1111 3892 3
1642 3869 1691 3898 Ἰ
