2418 4172
514 345 588 397 38
1148 347 1630 403 CONFESSIO

514 485 793 564 docebat,
824 488 927 550 sed
972 489 1173 552 anima
1214 512 1353 552 cum
1400 491 1629 554 ratione
1671 511 1798 566 sua,
1834 503 1898 553 et
1938 512 2078 554 caro
2116 512 2263 554 cum

514 571 787 634 sensibus
814 571 955 647 suis,
983 594 1090 657 per
1114 594 1267 668 quos
1289 595 1515 649 sensus,
1533 596 1701 635 veros
1728 573 1963 636 dolores
1990 588 2268 660 tempore

515 655 808 738 passionis
850 678 974 717 suae
1011 657 1327 719 sustinuit:
1370 657 1544 718 sicuti
1588 671 1650 718 et
1691 658 1820 742 ipse
1862 670 2114 718 testatus
2153 668 2267 733 est,

513 748 575 799 et
615 738 791 814 dixit,
827 738 1051 801 Tristis
1086 748 1177 801 est
1219 741 1424 801 anima
1465 762 1599 802 mea
1640 763 1714 801 us
1755 763 1831 801 ue
1870 741 1954 802 ad
1990 747 2267 801 mortem.

515 823 605 885 Et
645 845 807 885 nunc
847 824 1053 884 anima
1094 843 1230 884 mea
1271 823 1523 884 turbata
1566 832 1675 899 est,
1776 846 1828 884 c.
1872 823 2056 884 Matt.
2098 822 2268 884 xxvi.

514 907 695 970 Joan.
727 908 828 968 xii.

597 989 1002 1073 Agnoscimus
1044 1011 1187 1073 ergo
1230 990 1288 1050 in
1342 1011 1463 1051 uno
1507 1002 1685 1072 atque
1735 990 1948 1051 eodem
1993 987 2267 1051 Domino

516 1089 719 1135 nostro
739 1073 890 1134 Jesu
919 1073 1183 1147 Christe,
1204 1072 1352 1133 duas
1383 1084 1624 1134 naturas
1645 1074 1736 1133 vel
1770 1072 2154 1145 substantias,
2175 1070 2269 1132 di-

514 1157 714 1218 vinam
734 1167 796 1216 et
815 1156 1177 1217 humanam:
1212 1168 1273 1215 et
1292 1155 1400 1215 has
1419 1156 1501 1216 ita
1522 1155 1779 1216 dicimus
1801 1155 2153 1236 conjunctas
2170 1153 2263 1215 vel

516 1240 712 1301 unitas
750 1261 899 1312 esse,
930 1250 997 1298 ut
1035 1239 1349 1319 absorptoe,
1377 1251 1482 1298 aut
1523 1238 1806 1312 confusoe,
1834 1251 1939 1299 aut
1965 1237 2269 1299 immixtae

516 1344 635 1383 uon
665 1322 822 1383 sint:
867 1319 970 1381 sed
1001 1321 1177 1381 salvis
1200 1319 1402 1414 potius
1424 1332 1486 1380 et
1514 1321 2005 1402 permanentibus
2025 1331 2271 1381 natura-

514 1426 647 1465 rum
693 1402 1177 1487 proprietatibus,
1206 1425 1267 1463 m
1309 1424 1428 1463 una
1463 1424 1735 1484 persona,
1767 1403 1951 1463 unitae
1987 1402 2084 1463 vel
2123 1421 2273 1463 eon-

503 1487 767 1568 junctae:
813 1487 894 1546 ita
924 1498 992 1546 ut
1020 1507 1209 1547 unum
1241 1485 1557 1546 Christum
1586 1484 1927 1560 dominum,
1956 1506 2077 1546 non
2115 1483 2272 1546 duos

512 1591 896 1631 veneremur:
943 1591 1129 1645 unum
1176 1569 1423 1649 inquam
1462 1589 1670 1629 verum
1714 1568 1917 1629 Deum
1964 1579 2028 1629 et
2070 1565 2274 1629 bomi-

515 1676 675 1726 nem,
693 1653 875 1733 juxta
902 1650 1168 1712 divinam
1205 1663 1479 1712 naturam
1512 1650 1693 1725 Patri,
1713 1650 1894 1731 juxta
1937 1650 2266 1712 humanam

512 1758 652 1797 vero
675 1735 847 1796 nobis
872 1734 1221 1795 hominibus
1238 1734 1831 1808 consubstantialem,
1851 1746 1913 1795 et
1935 1755 2044 1817 per
2060 1734 2268 1795 omnia

513 1819 794 1893 similem,
851 1829 1100 1901 peccato
1148 1832 1422 1900 excepto,
1477 1817 1670 1878 Hebr.
1716 1817 1791 1878 iv·
1877 1816 2148 1891 Etenim,
2197 1829 2270 1879 ut

511 1902 940 1964 Nestorianum
973 1899 1195 1983 dogma
1218 1916 1299 1961 'ex
1332 1922 1452 1961 uno
1480 1899 1725 1961 Christo
1752 1900 1906 1961 duos
1932 1900 2176 1973 faciens,
2204 1911 2270 1961 et

513 1987 798 2047 unionem
840 2006 1107 2067 personae
1150 1983 1496 2058 dissolvens,
1537 1982 1987 2044 abominamurt
2028 1982 2113 2044 ita
2139 1982 2271 2045 Eu-

511 2068 772 2151 tychetis
829 2080 890 2128 et
950 2066 1482 2127 monothelitarum
1537 2066 1631 2127 vel
1690 2065 2266 2149 monophysieorum

510 2152 831 2224 vesaniam,
861 2160 1309 2232 expungentem
1348 2161 1576 2210 naturae
1607 2149 1894 2210 humanae
1932 2148 2270 2233 proprieta-

510 2247 655 2307 tem,
678 2254 1029 2295 execramur
1057 2232 1316 2316 penitus.
1386 2231 1550 2315 Ergo
1572 2232 1825 2293 minime
1843 2231 2135 2294 docemus
2163 2253 2274 2294 na-

512 2331 706 2379 turam
741 2318 802 2378 in
825 2316 1069 2377 Christo
1090 2315 1355 2376 divinam
1387 2337 1627 2398 passam
1649 2338 1797 2389 esse,
1820 2327 1924 2376 aut
1951 2314 2264 2376 Christum

513 2401 842 2463 secundum
892 2399 1220 2459 humanam
1275 2411 1547 2458 naturam
1601 2397 1802 2458 adhuc
1850 2419 1980 2459 esse
2037 2396 2096 2458 in
2152 2397 2270 2460 hoe

516 2482 763 2557 mundo,
793 2481 1062 2561 adeoque
1092 2502 1221 2540 esse
1251 2481 1493 2561 ubique.
1566 2480 1786 2562 Neque
1813 2480 1976 2541 enim
2009 2479 2102 2541 vel
2132 2502 2271 2542 sen-

514 2568 717 2639 timus,
745 2565 838 2625 vel
868 2563 1156 2624 docemus
1189 2563 1497 2624 veritatem
1530 2564 1795 2647 corporis
1824 2562 2051 2624 Christi
2082 2586 2117 2624 a
2144 2563 2270 2626 cla·

513 2648 843 2710 riticatione
871 2646 1136 2721 desiisse,
1165 2658 1269 2707 aut
1297 2646 1659 2720 deificatam,
1687 2645 1957 2727 adeoque
1985 2646 2072 2709 sic
2098 2645 2271 2708 deifl-

512 2746 707 2794 catam
754 2753 900 2804 esse,
945 2742 1010 2790 ut
1057 2751 1192 2790 suas
1243 2730 1655 2813 proprietates,
1698 2729 1895 2811 quoad
1939 2751 2159 2825 corpus
2206 2741 2270 2792 et

512 2814 799 2890 animam,
826 2812 1189 2897 deposuerit,
1218 2835 1286 2874 ac
1318 2834 1556 2896 prorsus
1596 2812 1654 2873 in
1695 2825 1970 2874 naturam
2000 2811 2268 2875 divinam

514 2897 745 2970 abierit,
795 2918 1035 2978 unaque
1083 2895 1380 2956 duntaxat
1430 2896 1763 2958 substantia
1814 2918 1944 2956 esse
1995 2917 2093 2958 coe
2173 2895 2268 2956 rit.

516 2985 599 3047 Et
654 2978 904 3064 proinde
956 2978 1412 3040 Schuenkfeldii
1470 2978 1765 3055 similium,
1806 3001 1882 3040 ue
1939 2978 2274 3062 leptoogo-

516 3085 647 3130 rum
701 3064 796 3125 ina
874 3073 1004 3124 utas
1053 3061 1335 3144 argutias,
1379 3061 1703 3136 intricatas,
1743 3084 1782 3123 o
1825 3082 2167 3144 scurasque,
2206 3071 2272 3123 et

538 3168 727 3213 mrum
787 3084 900 3208 :iii
964 3157 1306 3208 constantes
1365 3144 1479 3207 hae
1541 3144 1617 3206 de
1681 3167 1744 3207 re
1805 3143 2270 3219 dissertationes,

518 3175 674 3295 iiaud
725 3250 983 3312 uaquam
1015 3229 1340 3312 probamus
1363 3240 1468 3290 aut
1489 3228 1891 3312 recipimus,n
1975 3249 2050 3289 ue
2068 3227 2272 3291 Schu-

514 3313 691 3377 enkfe
717 3312 877 3374 diani
934 3333 1163 3374 sumus.
1248 3311 1538 3374 Praeterea
1586 3311 1887 3373 credimus
2032 3310 2265 3372 minum

517 3412 783 3460 nostrum
813 3397 1027 3458 Jesum
1061 3395 1374 3457 Christum
1414 3416 1550 3456 vere
1588 3416 1832 3478 passum
1870 3405 1933 3455 et
1961 3403 2265 3455 mortuum

517 3504 664 3553 esse,
715 3500 822 3572 pro
872 3479 1064 3553 nobis,
1106 3479 1262 3541 sicut
1309 3479 1517 3540 Petrus
1567 3478 1669 3552 ait,
1711 3498 1908 3551 carne,
1951 3494 1973 3537 ι
2018 3474 2147 3536 Pet.
2190 3474 2267 3535 iv.

519 3564 960 3627 Abominamur
1013 3562 1428 3623 Jacobitarum
1479 3574 1543 3623 et
1588 3560 1861 3622 omnium
1910 3557 2267 3633 'rumai-um,

520 3646 854 3731 passionem
888 3643 1138 3705 Domini
1179 3643 1609 3718 execrantium,
1643 3641 2064 3725 impiissimam
2102 3661 2272 3703 vesa-
