2418 4172
479 345 588 398 25⁰
1111 339 1598 395 CONFESSIO

480 495 680 569 potest
722 504 992 546 coercere
1036 484 1326 556 membra,
1356 504 1431 543 ne
1473 481 1732 576 attingat
1771 482 2016 544 alterius
2051 505 2229 568 spon-

480 590 643 632 samz
691 579 758 629 ut
789 567 917 628 hoec
946 588 1055 626 suo
1078 566 1213 627 loco
1244 577 1402 627 recte
1431 577 1493 626 et
1519 587 1760 648 copiose
1788 564 2180 629 declarantur.

563 651 746 714 Hanc
774 649 1154 733 disciplinam
1186 673 1221 711 a
1248 650 1385 711 Deo
1420 661 1784 731 praeceptam
1825 670 1974 724 esse,
2011 661 2076 711 et
2114 672 2230 733 pu·

481 735 592 796 niri
623 734 751 815 ejus
781 733 1164 795 violationem
1208 733 1599 815 praesentibus
1641 731 1836 814 poenis
1875 744 1936 793 et
1972 733 2230 806 aeternis,

480 818 544 880 in
590 818 682 878 bis
719 816 821 897 qui
854 839 973 877 non
1003 828 1438 877 convertuntur
1466 815 1538 876 ad
1572 815 1799 887 Deum,
1826 815 2229 876 certissimum

478 913 604 971 est;
638 900 819 981 juxta
861 900 962 960 illa
1004 899 1184 971 dicta,
1213 899 1347 960 Lex
1377 907 1465 959 est
1492 899 1698 981 posita
1728 898 2016 982 injustis.-
2060 898 2231 971 item,

484 984 613 1050 Qui
647 982 928 1066 gladium
956 983 1278 1063 acceperit,
1302 981 1515 1064 gladio
1548 982 1772 1063 peribit
1791 1005 1813 1042 .-
1859 982 2025 1055 item,
2054 980 2232 1043 Sour-

479 1075 711 1130 tatores
751 1074 811 1126 et
850 1064 1162 1127 adulteros
1177 1064 1490 1147 judicabit
1520 1065 1700 1125 Deus
1718 1089 1739 1125 .-
1786 1065 1956 1139 item,
1991 1063 2061 1126 V
2051 1088 2100 1127 ω
2125 1064 2231 1147 qui

477 1149 721 1232 spolia-⁹,
749 1147 892 1229 quia
918 1146 1294 1229 spoliaberis.

560 1232 695 1294 Etsi
738 1242 938 1291 autem
986 1251 1198 1290 omnes
1250 1229 1527 1290 homines
1570 1229 1684 1292 bac
1724 1228 2044 1312 disciplina
2090 1251 2230 1292 suos

479 1336 674 1376 mores
715 1335 917 1395 regere
954 1312 1196 1385 debent,
1226 1323 1286 1372 et
1321 1310 1492 1372 Deus
1536 1311 1788 1395 imperia
1829 1333 2029 1373 severe
2072 1312 2232 1375 banc

476 1396 854 1480 disciplinam
903 1396 1054 1457 tueri
1096 1395 1293 1476 jubet,
1321 1405 1382 1455 et
1428 1395 1555 1477 ipse
1604 1394 1990 1456 horribilibus
2031 1394 2231 1478 poenis

477 1481 739 1542 declarat
777 1479 924 1540 iram
969 1501 1139 1539 suam
1182 1477 1460 1539 adversus
1494 1478 1651 1539 banc
1678 1490 1989 1539 externam
2020 1489 2235 1540 contu·

478 1563 777 1626 maciem:
827 1575 1031 1623 tamen
1068 1562 1198 1623 haec
1236 1575 1482 1622 externa
1522 1561 1840 1645 disciplina
1881 1560 2067 1622 etiam
2117 1561 2231 1623 sic-

480 1647 587 1708 ubi
617 1659 708 1708 est
738 1645 1180 1720 honestissima,
1208 1666 1592 1725 nequaquam
1634 1659 1725 1705 est
1757 1644 2034 1728 impletio
2062 1644 2232 1727 legis,

479 1753 591 1792 nec
635 1741 897 1791 meretur
923 1728 1338 1790 remissionem
1386 1740 1792 1810 peccatorum,
1822 1749 1936 1788 nec
1975 1738 2069 1789 est
2098 1726 2233 1807 jus·

477 1813 610 1875 titia
656 1812 759 1873 illa
803 1834 923 1893 qua
968 1833 1168 1872 coram
1217 1810 1356 1872 Deo
1403 1811 1632 1893 accepti
1679 1831 1924 1871 sumus:
1966 1832 2080 1872 nec
2123 1811 2230 1871 lux

479 1897 581 1960 illa
609 1896 844 1978 fulgens
871 1894 933 1955 in
964 1896 1193 1955 natura'
1215 1893 1556 1965 hominum,
1585 1896 1741 1954 sicut
1767 1893 1938 1955 fulsit
1963 1892 2028 1954 in
2057 1893 2230 1954 nobis

466 1978 707 2060 justitia
750 1979 811 2039 in
841 1978 965 2038 vita
1002 1988 1239 2038 aeterna.
1324 1974 1444 2036 Sed
1475 1987 1602 2036 tota
1633 1975 1762 2037 boec
1789 1975 2115 2059 disciplina
2138 1985 2233 2038 eut

478 2062 913 2145 qualiscunque
954 2071 1202 2120 externa
1243 2058 1617 2142 gubernatio,
1646 2058 1856 2119 similis
1898 2057 2046 2120 folio
2082 2059 2232 2120 ficus

478 2168 602 2227 quo
658 2155 874 2227 tegunt
922 2142 1260 2204 nuditatem
1309 2163 1478 2204 suam
1532 2142 1712 2225 primi
1761 2152 2038 2225 parentes
2094 2151 2233 2225 post

480 2229 735 2312 lapsum.
807 2226 943 2288 Nec
974 2226 1166 2308 magis
1195 2226 1355 2286 tollit
1383 2237 1724 2309 peccatum,
1753 2236 1815 2286 et
1844 2236 2074 2287 naturae
2103 2246 2234 2286 cor·

477 2312 820 2395 ruptionem
864 2322 927 2371 et
974 2322 1231 2371 mortem
1273 2331 1455 2390 quam
1502 2309 1793 2370 tollebant
1835 2308 1952 2370 illae
1990 2307 2230 2370 frondes

481 2395 600 2457 fici.
685 2394 832 2456 Ideo
863 2393 1085 2454 Paulus
1116 2392 1292 2453 toties
1330 2393 1572 2465 clamat,
1600 2414 1720 2452 non
1751 2392 1881 2452 tolli
1912 2402 2227 2474 peccatum

480 2479 633 2560 lege,
664 2477 845 2538 Rom.
875 2476 958 2537 iii.
991 2475 1094 2536 Ex
1134 2474 1413 2557 operibus
1450 2474 1604 2558 legis
1638 2471 2233 2618 ηοηάωίῇἱωὸίέυν

477 2562 671 2623 omnis
699 2581 842 2621 caro
871 2580 1072 2620 coram
1109 2581 1191 2619 eo.
1276 2557 1358 2619 Et
1392 2558 1572 2619 Rom.
1601 2558 1723 2618 viii.
1855 2579 1913 2618 m
2067 2558 2082 2572 ⁶
2118 2557 2231 2618 ἰηι-

470 2642 763 2727 possibile
794 2650 948 2704 esset
965 2639 1344 2725 jmtfficare,
1373 2643 1484 2703 &c.
1570 2639 1654 2702 Et
1683 2641 1882 2702 Galat.
1912 2640 1975 2701 ii.
2057 2640 2081 2701 i
2113 2660 2232 2722 per

481 2727 676 2812 legem
745 2725 972 2787 'aetitia
1022 2733 1132 2799 est,
1157 2723 1422 2809 frustra
1474 2723 1758 2786 Christus
1804 2732 1894 2786 est
1937 2731 2228 2786 mor-hans.

479 2811 564 2872 Et
593 2810 666 2872 ad
695 2748 819 2871 'fin
852 2809 935 2870 iii.
965 2808 1113 2870 Non
1162 2830 1236 2870 ex
1280 2807 1562 2890 operibus
1582 2807 1866 2891 justitia,
1908 2805 2229 2953 quideci—

480 2917 614 2956 mus
641 2916 770 2969 nos,
790 2893 902 2955 sed
924 2892 1249 2955 secundum
1276 2914 1451 2953 suam
1472 2891 1949 2953 misericordiam
1966 2913 1999 2953 s
2101 2892 2231 2955 avit

479 3001 604 3039 nos·
2211 3003 2216 3013 ·

562 3060 646 3123 Et
691 3059 1060 3122 contumelia
1105 3069 1195 3120 est
1234 3058 1370 3119 Filii
1415 3057 1531 3119 Dei
1578 3059 1805 3140 fingere
1856 3058 1977 3119 ulla
2026 3068 2229 3119 nostra

478 3167 659 3228 opera
688 3143 900 3205 merita
928 3165 1076 3214 esse,
1106 3164 1207 3203 seu
1249 3141 1519 3226 precium
1561 3141 1926 3202 remissionis

481 3251 632 3302 rum,
661 3239 722 3289 et
755 3225 1370 3310 esse'propitiationes
1452 3246 1516 3285 ro
1555 3236 1819 3307 peccato.
1905 3224 1937 3297 Ι
1981 3245 2057 3285 eo
2080 3223 2229 3307 ph·-

479 3312 686 3373 risaica
737 3310 839 3372 illa
879 3323 941 3371 et
984 3310 1084 3371 Pel
1169 3309 1301 3370 ‘ana
1344 3247 1736 3369 deliramenta
1779 3308 1938 3369 clare
1979 3305 2227 3368 damu·-

482 3416 637 3469 mus‚
664 3416 803 3476 quae
848 3331 1504 3476 finguntagisciplinam
1551 3392 1716 3453 illam
1761 3412 1891 3452 osse
1926 3386 2226 3472 impletio—

481 3498 617 3538 nem
670 3477 816 3561 legis
861 3477 1015 3539 Dei:
1062 3476 1206 3538 item
1262 3475 1472 3537 mereri
1520 3474 1951 3546 remissionem,
1995 3491 2100 3531 sou
2148 3468 2224 3531 de

476 3581 766 3639 congruo,
808 3582 914 3621 scu
963 3559 1038 3621 de
1086 3558 1411 3642 condigno,
1453 3558 1544 3620 vel
1591 3577 1722 3618 esse
1757 3552 2056 3635 justitium
2103 3574 2224 3635 qua
