2418 4172
434 338 540 389 230
1065 338 1541 422 coNFI-:ssm

436 479 595 562 quod
641 480 815 542 liceat
858 482 1151 564 episcopis
1194 504 1296 543 seu
1340 482 1676 565 pastoribus
1714 480 1907 543 facere
1942 480 2179 542 ordina-

438 565 650 638 tiones,
681 575 746 624 ut
775 587 864 624 res
894 564 1099 625 ordine
1128 577 1410 647 gerantur
1437 565 1498 625 in
1528 563 1796 638 ecclesia,
1824 585 1946 625 nou
1972 574 2043 625 ut
2068 585 2179 648 per

437 647 568 707 illas
613 668 947 708 mereamur
989 649 1395 708 remissionem
1443 658 1844 731 peccatorum,
1872 657 1977 707 aut
2010 647 2180 708 satis-

441 730 729 791 faciamus
753 753 860 813 pro
881 732 1158 813 peccatis,
1180 742 1284 791 aut
1312 731 1653 814 obligentur
1681 727 2084 803 conscientie,
2112 740 2181 789 ut

430 811 706 892 judicent
745 836 872 873 esse
909 813 1267 874 necessarios
1306 814 1522 887 cultus,
1552 835 1620 874 ac
1657 813 1918 874 sentiant
1947 833 2011 873 se

440 917 592 968 care,
613 917 752 955 cum
785 897 912 956 sine
940 896 1264 957 offensione
1293 897 1542 957 aliorum
1581 896 1824 957 violant.
1897 895 1999 956 Sic
2077 914 2182 955 au-

442 979 533 1038 lus
562 978 814 1051 ordinat,
843 990 911 1039 ut
938 979 999 1039 in
1030 979 1488 1060 congregatione
1526 979 1805 1039 mulieres
1845 978 2047 1039 velent
2083 997 2185 1039 ca-

443 1061 587 1143 pita,
610 1073 674 1121 ut
702 1060 909 1120 ordine
938 1060 1256 1120 audiantur
1283 1062 1347 1121 in
1375 1061 1625 1122 eeclesia
1652 1061 2025 1144 interpretes,
2046 1062 2159 1122 &c.

524 1142 699 1203 Tales
728 1141 1128 1202 ordinationes
1156 1143 1437 1204 convenit
1464 1143 1740 1204 ecclesias
1770 1154 2014 1227 propter
2039 1142 2184 1204 cha·

442 1226 679 1285 ritatem
724 1237 785 1284 et
826 1224 1319 1305 tranquillitatem
1360 1246 1591 1285 servare
1629 1237 1894 1299 eatenus,
1919 1246 1998 1285 ne
2031 1224 2184 1286 alius

442 1307 627 1367 alium
685 1306 964 1381 offendat,
1008 1318 1076 1366 ut
1132 1306 1341 1367 ordine
1389 1318 1449 1367 et
1498 1306 1627 1367 sine
1671 1306 1938 1367 tumultu
1979 1306 2187 1368 omnia

444 1391 587 1449 fiant
635 1389 691 1449 in
736 1389 1017 1450 ecclesiis.
1105 1388 1329 1450 Verum
1376 1390 1479 1462 ita,
1508 1411 1584 1449 ne
1625 1388 2004 1450 conscientiae
2040 1409 2188 1450 one·-

445 1483 664 1546 rentur,
707 1484 776 1532 ut
818 1471 1042 1533 ducant
1082 1493 1172 1532 res
1217 1494 1345 1532 esse
1389 1472 1746 1533 necessarias
1787 1470 1862 1533 ad
1910 1470 2187 1541 salutem,

444 1578 513 1616 ac
532 1554 807 1635 judicent
837 1577 899 1615 se
928 1577 1194 1639 peccare,
1222 1577 1360 1615 cum
1392 1555 1620 1616 violant
1647 1577 1745 1615 eas
1773 1554 1903 1615 sine
1931 1553 2185 1615 aliorum

443 1637 784 1711 offensione,
840 1638 993 1698 sicut
1051 1659 1229 1697 nemo
1285 1637 1502 1697 dixerit
1558 1659 1804 1719 peccare
1857 1636 2189 1710 mulierem,

445 1741 579 1800 quae
607 1721 667 1780 in
700 1721 1013 1803 publicum
1046 1742 1167 1780 non
1197 1720 1392 1780 velato
1421 1720 1616 1802 capite
1637 1719 1928 1803 procedit,
1948 1719 2076 1780 sine
2097 1717 2188 1779 of·

443 1803 709 1863 fensione
740 1803 1075 1865 hominum.

527 1885 691 1946 Talis
714 1897 804 1947 est
824 1886 1158 1947 observatio
1182 1886 1303 1948 'diei
1326 1886 1658 1961 Dominici,
1680 1886 2008 1962 paschatis,
2036 1886 2190 1949 Pen-

448 1980 719 2043 tecostes,
747 1980 808 2029 et
837 1969 1122 2029 similium
1154 1969 1456 2044 feriarum,
1483 1981 1545 2030 et
1572 1970 1817 2031 rituum.
1884 1968 2053 2031 Nam
2081 1969 2188 2050 qui

448 2051 718 2131 judicant
745 2050 1031 2112 Ecclesiae
1062 2052 1396 2126 autoritate,
1425 2074 1534 2134 pro
1563 2052 1814 2113 sabbato
1849 2051 2189 2113 institutam

446 2156 573 2195 esse
602 2133 718 2194 diei
742 2133 1051 2194 Dominici
1083 2134 1579 2209 observationem,
1600 2145 1888 2216 tanquam
1919 2155 2192 2196 necessa·

446 2218 615 2290 riam,
644 2217 823 2299 longe
864 2227 1076 2278 errant.
1164 2217 1472 2300 Scriptura
1502 2217 1796 2293 concedit,
1824 2228 1894 2279 ut
1918 2218 2194 2279 observa-

447 2300 533 2360 tio
563 2300 795 2361 sabbati
826 2322 988 2361 nunc
1017 2300 1095 2361 sit
1123 2300 1324 2361 libera.
1397 2301 1597 2361 Docet
1624 2300 1787 2362 enim
1823 2300 2191 2362 ceremonias

450 2383 748 2444 Mosaicas
791 2394 928 2466 post
969 2383 1293 2444 revelatum
1339 2382 1720 2466 evangelium
1760 2405 1883 2444 non
1921 2403 2193 2443 necessa-

450 2466 563 2525 rias
593 2488 736 2526 esse.
822 2465 906 2526 Et
936 2477 1137 2526 tamen
1168 2465 1311 2546 quia
1339 2487 1491 2548 opus
1519 2476 1644 2525 erat
1672 2465 2037 2526 constituere
2063 2486 2192 2526 απ-
2298 2484 2300 2486 ·

450 2560 581 2608 tum
627 2547 809 2622 diem,
839 2559 905 2608 ut
948 2547 1124 2609 sciret
1165 2548 1425 2631 populus
1467 2547 1711 2628 quando
1746 2546 2064 2609 convenire
2090 2546 2194 2609 de·

451 2633 634 2705 beret,
663 2641 909 2713 apparet
937 2630 1248 2691 ecclesiam
1292 2630 1346 2690 ei
1392 2630 1473 2690 rei
1512 2629 1841 2692 destinasse
1868 2629 2032 2691 diem
2060 2629 2196 2692 Do-

451 2713 765 2788 minicum,
794 2713 897 2794 qui
941 2713 1020 2774 ob
1060 2713 1218 2774 hanc
1259 2734 1501 2795 quoque
1531 2735 1771 2774 causam
1802 2711 2041 2774 videtur
2067 2734 2195 2775 ma·

453 2796 543 2879 gis
572 2795 886 2878 placuisse,
906 2807 974 2856 ut
1004 2795 1293 2857 baberent
1315 2796 1589 2859 homines
1610 2796 1959 2879 exemplum
1983 2794 2194 2857 Chris-

450 2879 625 2940 tianae
671 2878 980 2954 libertatis,
1008 2890 1070 2940 et
1112 2879 1330 2940 scirent
1370 2901 1480 2940 nec
1520 2879 1751 2941 sabbati
1797 2900 1910 2940 nec
1951 2878 2195 2940 alterius

450 2962 566 3023 diei
597 2962 1072 3023 observationem
1103 2962 1491 3023 necessariam
1522 2984 1669 3024 esse.

534 3045 767 3107 Extant
795 3043 1146 3140 prodigiosae
1174 3044 1610 3188 disputationes
1638 3045 1715 3106 de
1745 3043 2078 3107 mutatione
2113 3042 2197 3104 le·

453 3129 560 3209 gis,
589 3128 663 3189 de
692 3128 1046 3190 ceremoniis
1076 3150 1243 3190 novoe
1296 3129 1440 3210 egis,
1469 3127 1545 3189 de
1575 3127 1910 3190 mutatione
1943 3126 2196 3202 sabbati,

452 3233 584 3291 quae
634 3233 844 3272 omnes
891 3222 1034 3272 ortae
1084 3223 1225 3273 sunt
1277 3232 1350 3272 ex
1402 3212 1548 3272 falsa
1590 3209 1991 3295 persuasione,
2031 3205 2194 3290 quod

451 3317 490 3354 o
534 3307 724 3355 orteat
766 3294 827 3355 in
872 3294 1120 3356 ecclesia
1163 3295 1393 3356 cultum
1440 3317 1567 3355 esse
1608 3293 1868 3355 similem
1903 3288 2192 3354 Levitico.

514 3389 536 3437 t
574 3377 735 3457 quod
765 3377 1043 3439 Christus
1082 3378 1449 3439 commiserit
1487 3376 1773 3461 apostolis
1810 3385 1871 3436 et
1897 3370 2193 3456 episcopis

453 3460 789 3542 excogitare
833 3483 1014 3522 novas
1058 3461 1446 3535 ceremonias,
1484 3482 1617 3541 quoe
1660 3459 1780 3520 sint
1821 3454 1895 3517 ad
1936 3453 2190 3515 salutem

459 3542 813 3602 necessariae.
867 3543 951 3603 Hi
982 3565 1203 3604 errores
1234 3554 1572 3625 serpserunt
1602 3543 1661 3602 in
1691 3537 2023 3610 eeclesiam,
2050 3558 2189 3598 cum

2399 1806 2418 1911 “14¹
2400 1640 2418 1791 -.D-w.
2408 1601 2410 1609 <

2402 2365 2414 2394 -Jv
2397 2245 2413 2339 ‘QG-³
2413 2158 2415 2163 .
