2418 4172
505 366 614 422 272
1040 402 1043 405 -
1145 363 1635 419 CONFESSIO
1872 378 1902 427 ι

1064 547 1218 609 X11.
1264 546 1367 609 De
1396 546 1694 610 Ecclesia.

507 650 766 729 VULT
802 665 972 727 Deus
1017 665 1292 747 intelligi,
1331 689 1520 747 genus
1567 666 1904 727 humanum
1943 686 2068 728 non
2109 688 2252 729 casu

504 750 688 823 nasci,
719 748 819 810 sed
866 772 899 809 a
938 748 1075 809 Deo
1114 749 1424 810 conditum
1467 772 1626 809 esse:
1672 764 1733 809 et
1771 748 2103 824 conditum,
2129 771 2253 811 non

505 833 578 893 ad
608 845 896 894 aeternum
933 833 1211 906 exitium,
1240 831 1340 893 sed
1391 845 1456 892 ut
1498 832 1742 913 colligat
1785 833 1896 892 sibi
1938 832 1997 893 in
2038 853 2256 915 genem

507 915 775 976 humano
803 915 1162 986 Ecclesiam,
1192 916 1289 976 cui
1322 916 1381 975 in
1421 916 1588 975 omni
1621 915 1952 976 aeternitate
1981 935 2256 976 commu-

505 997 668 1060 nicet
708 1020 878 1059 suam
921 1020 984 1058 sa
1030 998 1296 1068 ientiam,
1327 998 1680 1070 bonitatem,
1709 1011 1770 1059 et
1802 998 2087 1060 laetitiam.
2170 996 2256 1059 Et

503 1082 636 1143 vult
680 1103 826 1141 cons
874 1080 945 1141 ici
986 1020 1237 1154 gilium,
1279 1093 1524 1163 propter
1565 1102 1771 1161 quem,
1812 1093 1874 1142 et
1923 1103 2029 1164 per
2114 1102 2253 1142 uem

505 1164 837 1225 inenarrab1
868 1163 884 1222 i
924 1162 1217 1244 sapientia
1249 1174 1311 1223 et
1340 1163 1637 1223 immensa
1668 1163 2070 1225 misericordia
2143 1185 2255 1225 ane

505 1246 784 1307 miseram
814 1256 1089 1305 naturam
1124 1244 1441 1305 hominum
1472 1245 1750 1306 restituit.
1837 1245 1986 1308 Ideo
2017 1267 2257 1342 semper

505 1329 567 1389 in
614 1350 830 1411 genere
881 1328 1148 1388 humano
1191 1338 1421 1387 coetum
1466 1349 1594 1387 esse
1625 1327 1831 1402 voluit,
1870 1328 1970 1389 cui
2011 1327 2258 1390 tradidit

503 1410 839 1472 doctrinam
868 1409 945 1471 de
972 1409 1150 1483 Filio,
1177 1422 1239 1470 et
1268 1409 1328 1470 in
1374 1431 1496 1491 quo
1527 1409 1715 1470 Filius
1751 1410 1882 1493 ipse
1908 1410 2172 1472 institnit
2193 1421 2258 1472 et

503 1494 874 1556 conservavit
904 1493 1303 1555 ministerium
1326 1492 1733 1555 custodiendae
1762 1506 1823 1554 et
1849 1492 2257 1577 propag-ande

503 1577 632 1657 ejus
672 1576 979 1651 doctrinae,
1009 1599 1115 1659 per
1154 1598 1335 1658 quam
1382 1588 1444 1637 et
1485 1575 1697 1638 efficax
1736 1576 1872 1650 fuit,
1899 1588 2009 1651 est,
2036 1589 2100 1639 et
2126 1576 2259 1638 etit.

503 1659 588 1720 Et
644 1661 867 1721 multos
918 1660 991 1721 ad
1040 1682 1103 1720 se
1146 1659 1456 1733 convertit,
1500 1660 1655 1720 sicut
1702 1659 2019 1721 manifeste
2061 1660 2259 1742 inquit

505 1743 759 1804 Paulus:
806 1742 1212 1825 Evangelium
1257 1751 1346 1803 est
1379 1744 1657 1823 potentia
1690 1742 1837 1816 Dei,
1872 1743 1958 1804 ad
1992 1742 2256 1804 salutem

505 1827 669 1887 omni
699 1826 983 1887 credenti.
1191 1899 1194 1905 .

588 1908 707 1970 Sed
747 1908 1087 1969 mirandum
1125 1918 1187 1968 et
1223 1906 1549 1968 dolendum
1594 1918 1704 1978 est,
1747 1908 2076 1970 maximam
2123 1929 2257 1992 par-

503 2003 630 2054 tem
662 1992 895 2075 generis
926 1990 1179 2051 humani
1216 1990 1482 2050 horribili
1512 1990 1711 2050 furore
1740 2002 2128 2052 contemnere
2155 2012 2258 2052 vo-

505 2097 638 2138 cem
677 2087 738 2136 et
766 2072 1179 2135 testimonium
1212 2072 1352 2147 Dei,
1381 2084 1442 2132 et
1472 2071 1698 2132 Filium
1726 2071 1880 2133 Dei:
1923 2085 1986 2134 et
2022 2073 2083 2134 in
2124 2074 2258 2157 ipso

505 2171 691 2232 coetu,
719 2157 825 2240 qui
870 2178 1092 2218 nomen
1136 2155 1320 2217 habet
1360 2154 1668 2229 Ecclesiae,
1712 2156 1932 2217 multas
1974 2155 2259 2218 dilacera·

505 2242 699 2303 tiones
746 2262 983 2324 semper
1025 2239 1211 2300 factas
1258 2261 1406 2312 esse,
1450 2251 1511 2299 et
1549 2261 1752 2300 veram
1798 2238 2134 2301 Ecclesiam
2179 2240 2257 2302 ab

504 2325 767 2386 externis
818 2336 880 2385 et
927 2322 1271 2384 domesticis
1322 2322 1596 2383 hostibus
1646 2334 2060 2405 oppugnatam
2109 2345 2257 2384 esse.

510 2408 662 2470 Haec
691 2407 936 2469 dissidia
963 2428 1102 2468 cum
1143 2404 1416 2466 homines
1448 2405 1776 2479 intuentur,
1805 2418 1867 2466 et
1896 2405 2140 2486 quidem
2169 2406 2257 2467 vi-

505 2491 651 2552 dent
679 2490 967 2574 imperiis,
998 2488 1406 2561 multitudine,
1435 2501 1497 2548 et
1535 2488 1721 2570 gloria
1754 2488 2108 2549 antecellere
2135 2509 2255 2562 eos,

506 2574 610 2655 qui
656 2574 799 2634 alias
848 2571 1146 2633 doctrinas
1193 2582 1528 2654 pugnantes
1571 2592 1711 2630 cum
1759 2570 2089 2653 Evangelio
2126 2592 2256 2632 am·

505 2656 868 2740 plectuntur,
884 2654 1164 2716 dubitant
1192 2676 1265 2714 an
1297 2654 1374 2714 sit
1403 2653 1602 2734 aliqua
1624 2653 1742 2714 Dei
1775 2653 2064 2728 Ecclesia,
2094 2675 2257 2735 quoe-

506 2761 668 2814 nam,
695 2751 758 2799 et
786 2738 997 2820 qualis,
1025 2750 1087 2799 et
1118 2736 1220 2798 ubi
1249 2736 1344 2797 sit.
1428 2738 1522 2797 Ac
1551 2737 1877 2819 prophanis
1905 2735 2257 2818 dijudicatio

505 2821 764 2884 difficilis
813 2833 934 2882 est:
977 2820 1081 2882 sed
1123 2841 1260 2881 vera
1305 2819 1578 2881 Ecclesia
1626 2819 1739 2880 scit
1779 2841 1856 2880 ex
1897 2819 2256 2882 testimoniis

506 2904 743 2981 divinis,
776 2903 936 2966 unde
981 2904 1103 2965 sint
1147 2903 1299 2964 tanti
1349 2902 1665 2963 hominum
1710 2902 1956 2979 furores,
1997 2915 2060 2965 et
2101 2905 2258 2965 inter

506 3011 609 3052 eos
637 3001 840 3051 tamen
870 2987 1086 3049 servari
1116 2985 1451 3048 Ecclesiam
1491 2985 1649 3047 Dei:
1693 2998 1755 3048 et
1795 2985 2080 3048 discernit
2119 3007 2254 3048 eam

507 3096 543 3135 a
571 3072 798 3134 caeteris
827 3070 1125 3153 gentibus,
1144 3081 1205 3130 et
1233 3070 1342 3131 scit
1374 3091 1672 3150 quaenam,
1700 3068 1915 3151 qualis,
1935 3080 1998 3131 et
2024 3069 2127 3131 ubi
2158 3069 2255 3131 sit.

593 3155 684 3218 Ut
712 3154 895 3239 igitur
915 3165 1122 3215 contra
1154 3153 1261 3214 has
1290 3152 1694 3213 dubitationes
1719 3174 1815 3214 ma
1861 3153 1908 3215 ’s
1937 3154 2258 3214 confirma-

508 3251 715 3300 rentur
741 3258 951 3299 omnes
972 3236 1178 3310 sancti,
1203 3235 1487 3297 articulus
1517 3235 1577 3295 in
1609 3237 1826 3319 symbo
1850 3258 1888 3297 o
1915 3257 2024 3320 pro
2137 3235 2255 3297 itus

508 3334 634 3383 est:
678 3330 713 3358 “
742 3320 940 3383 Credo
980 3341 1108 3382 esse
1153 3318 1490 3381 Ecclesiam
1533 3331 1799 3381 sanctam
1845 3318 2028 3381 catho
2052 3315 2255 3381 icam?

510 3405 651 3467 Hac
678 3404 1043 3488 professione
1073 3402 1480 3476 adfirmamus,
1508 3423 1630 3463 non
1670 3401 1972 3483 abjectum
2006 3419 2135 3462 esse
2161 3409 2253 3460 to-
2364 3457 2405 3512 ,τ

509 3498 639 3548 tum
672 3508 862 3569 genus
892 3487 1227 3549 humanum
1260 3507 1295 3547 a
1323 3485 1482 3559 Deo,
1510 3484 1613 3547 sed
1643 3507 1790 3562 esse,
1816 3497 1878 3547 et
1907 3480 2250 3545 mansuram

509 3591 638 3629 esse
680 3569 942 3651 aliquam
973 3591 1175 3631 veram
1212 3568 1570 3642 Ecclesiam,
1599 3581 1756 3629 ratas
1794 3586 1924 3628 esse
1960 3562 2077 3625 Dei
2117 3584 2254 3647 pfl>-
2365 3609 2371 3615 -

514 3650 843 3723 missiones,
891 3652 1089 3713 adhuc
1139 3673 1386 3733 regnare
1431 3650 1653 3711 Filium
1699 3647 1838 3722 Dei,
1881 3645 2141 3730 recipere
2190 3659 2253 3709 et
