2418 4172
806 406 1289 462 SAXONICA.
1812 405 1919 458 288

173 571 287 614 nus
326 551 542 624 salvet,
587 550 830 633 colligat
880 564 942 612 et
988 560 1183 610 servet
1238 545 1595 608 Ecclesiam.
1680 543 1919 606 Deinde

148 633 386 695 vetitet
422 634 488 694 ¹in
532 634 665 695 loco
705 644 996 695 consueto
1023 631 1203 692 verba
1230 627 1455 690 Christi
1485 625 1562 687 de
1589 624 1800 686 Coenae
1831 627 1920 687 in-

168 715 506 791 stitutione,
536 727 609 777 et
650 715 836 776 sumit
884 715 1033 797 ipso,
1078 724 1142 773 et
1187 709 1494 772 distribuit
1541 708 1918 769 sumentibus

167 798 472 882 integrum
525 808 1006 865 sammentmn3
1061 794 1166 874 qui
1217 802 1551 853 reverenter
1607 788 1919 864 accedunt,

167 891 345 943 untes
383 879 684 963 aplos-ati
726 889 787 938 et
833 875 1110 948 absoluti,
1155 886 1219 935 et
1263 873 1345 934 ibi
1394 895 1532 933 suas
1583 894 1788 955 preces
1839 873 1915 933 ad

166 962 444 1048 publicas
468 960 826 1043 adjungunt.
887 958 987 1020 Ad
1016 968 1381 1030 extremum,
1410 977 1610 1016 rursus
1637 955 1920 1016 recitatur

165 1044 493 1129 &odarum
524 1044 701 1104 sotio.
786 1042 978 1103 Hunc
1014 1041 1218 1113 ritum,
1245 1052 1310 1100 et
1352 1039 1509 1100 hanc
1544 1038 1919 1099 communio-

162 1147 312 1189 num
352 1127 642 1211 plurium,
673 1145 1000 1208 congruere
1042 1145 1183 1186 eum
1225 1122 1460 1204 scriptis
1490 1122 1919 1204 apostolorum,

163 1220 234 1272 et
252 1208 690 1271 cousuetudine
718 1209 933 1270 veteris
960 1206 1267 1279 Ecclesioe,
1296 1205 1417 1265 fere
1447 1226 1636 1286 usque
1662 1203 1740 1264 ad
1769 1204 1918 1265 Gre-

165 1292 319 1376 gorii
347 1305 610 1364 etatem,
628 1303 859 1352 vnorunt
886 1312 1096 1351 omnes
1125 1310 1243 1349 non
1277 1309 1515 1370 prorsus
1544 1287 1735 1368 ignari
1765 1287 1919 1347 anti-

166 1374 438 1457 quitatis.
522 1373 704 1443 Quod
745 1395 885 1434 cum
926 1372 1007 1433 ita
1049 1372 1146 1443 sit,
1176 1370 1500 1453 probanda,
1529 1391 1650 1430 non
1695 1369 1918 1451 impro-

170 1455 370 1518 banda
409 1468 502 1517 est
545 1468 877 1518 nostrarum
922 1454 1309 1516 ecclesiarum
1353 1452 1758 1514 consuetudo:
1810 1450 1917 1513 sed

166 1538 483 1600 adversarii
523 1539 931 1622 improbantes
968 1548 1233 1598 nostram
1265 1535 1785 1606 consuetudinem,
1813 1534 1918 1595 de-

165 1621 427 1684 fundunt
468 1622 691 1682 multos
734 1641 975 1693 errores,
1006 1620 1106 1680 alii
1147 1619 1338 1700 magis
1373 1629 1578 1691 tetros,
1606 1618 1705 1677 alii
1745 1617 1915 1678 novis

156 1706 288 1784 ‘pm
320 1703 585 1764 ntifleiis
615 1703 865 1763 fucatos.
927 1701 1116 1762 Multi
1142 1712 1283 1760 ante
1312 1700 1430 1760 hoc
1459 1711 1701 1781 tempus
1731 1699 1916 1780 scrip-

162 1796 389 1860 serunt,
411 1784 544 1845 fieri
587 1784 958 1844 oblationem
1002 1783 1063 1842 in
1098 1782 1287 1842 :missa
1329 1801 1439 1863 pro
1467 1781 1616 1840 vivis
1648 1793 1717 1841 et
1758 1802 1915 1841 mor·

158 1865 304 1941 tuis,
350 1878 415 1928 et
460 1866 674 1927 mereri
723 1888 859 1927 eam
908 1864 1155 1926 facienti
1200 1875 1262 1924 et
1315 1864 1445 1924 aliis
1496 1863 1911 1924 remissionem

160 1959 548 2033 peccatu-um
578 1971 654 2010 ex
682 1970 861 2031 opere
892 1958 1159 2030 operato,
1242 1946 1328 2007 Et
1356 1946 1486 2007 haec
1515 1946 1911 2029 plurimorum

163 2031 467 2114 persuasio
509 2032 645 2104 fuit,
686 2044 749 2092 et
796 2030 995 2091 adhuc
1042 2042 1151 2101 eet,
1192 2029 1404 2090 similis
1451 2028 1803 2110 pharisaicae
1852 2040 1915 2090 et

162 2115 443 2176 ethnicus.
526 2114 690 2175 Nam
729 2112 951 2174 eodem
1012 2112 1196 2173 modo
1245 2112 1546 2194 pharisaei·
1577 2123 1638 2172 et
1685 2111 1912 2173 ethnici

163 2197 563 2271 somniabant,
592 2218 654 2257 se
682 2218 757 2256 ex
787 2215 967 2278 opere
993 2206 1241 2278 operato
1280 2194 1492 2255 mereri
1532 2194 1644 2254 sibi
1680 2207 1742 2255 et
1782 2194 1912 2255 aliis

161 2280 573 2342 amissionem
604 2290 1260 2363 peecatorum,pacem,
1280 2288 1342 2337 et
1367 2277 1486 2337 alia
1515 2277 1707 2337 multa
1736 2278 1910 2338 bona.

0 2409 6 2423 .-
162 2364 291 2424 Aut
316 2362 552 2424 etiamsi
580 2362 695 2443 =qui
734 2361 935 2422 minus
973 2360 1120 2422 caeci
1149 2359 1544 2421 verecundius
1582 2360 1913 2440 loqueban-

0 2441 28 2568 Ξ
162 2456 278 2518 tur,
304 2445 414 2506 etsi
444 2445 727 2506 dicebant
755 2443 968 2504 mereri
997 2466 1069 2503 ea
1106 2465 1227 2503 non
1257 2443 1385 2503 sine
1416 2444 1575 2502 bono
1610 2454 1780 2503 motu
1819 2464 1913 2503 sa-

0 2570 28 2608 η.;
155 2526 504 2602 αἱῧεαῐιῒίε,
528 2540 736 2589 tamen
779 2526 1068 2587 sacrificia
1106 2526 1236 2608 ipsa
1274 2526 1586 2607 fingebant
1623 2546 1752 2585 esse
1780 2545 1910 2584 me-

0 2609 33 2693 3
86 2659 90 2664 .
159 2610 274 2672 rita
300 2623 363 2672 et
388 2610 670 2695 pretium.
757 2610 896 2670 Hac
928 2608 1214 2692 opinione
1243 2608 1706 2669 cumulabantur
1734 2607 1912 2668 sacri-

0 2715 28 2746 a
157 2694 316 2767 ficia,
359 2707 421 2754 et
464 2694 809 2755 crescebant
849 2692 1105 2774 aucupia
1141 2701 1424 2772 quaestus.
1508 2690 1671 2751 Talis
1717 2701 1808 2751 est
1849 2701 1910 2750 et

160 2774 476 2836 missarum
524 2789 840 2848 mer-catus,
867 2790 928 2835 et
971 2774 1370 2858 prophanatio
1411 2795 1606 2834 coenae
1635 2773 1908 2846 Domini,

161 2856 285 2917 stre
304 2856 375 2918 in
400 2868 530 2919 tuto
554 2859 700 2918 orbe
727 2870 1036 2918 terrarum.

244 2938 396 3001 Vult
437 2951 638 3001 autem
678 2940 872 3014 Deus,
894 2940 1141 3001 vitiosos
1186 2940 1381 3002 cultus
1428 2937 1615 2999 taxari
1658 2947 1721 2996 et
1760 2937 1907 2996 abo-

164 3021 287 3083 leri.
372 3022 520 3084 Ideo
546 3045 757 3084 vocem
788 3022 1060 3084 divinam
1105 3022 1460 3105 simpliciter
1501 3032 1562 3081 et
1592 3040 1726 3079 vere
1767 3040 1907 3100 pro-

159 3104 467 3188 ponimus,
494 3126 627 3185 quae
656 3091 878 3166 errores
903 3106 1038 3166 illos
1065 3105 1330 3167 damnat.
1388 3106 1480 3165 Ac
1509 3115 1638 3164 toto
1667 3111 1906 3183 pectore

162 3186 550 3248 adfirmemus
587 3208 784 3249 coram
816 3188 954 3249 Deo
990 3199 1052 3249 et
1091 3200 1218 3250 tota
1246 3187 1516 3249 Ecclesia
1556 3186 1619 3245 in
1660 3184 1818 3245 coelo
1843 3195 1907 3245 et

159 3270 224 3331 in
253 3282 426 3342 tenu,
455 3283 688 3331 tantum
728 3270 909 3331 fuisse
942 3271 1193 3332 unicum
1234 3270 1590 3332 sacrificium
1621 3266 1907 3349 propitia-

46 3423 48 3426 .
156 3353 403 3427 corium,
426 3374 527 3413 seu
559 3375 680 3433 quo
709 3354 795 3414 ira
820 3354 1023 3415 aeterni
1050 3353 1238 3414 Patris
1267 3353 1544 3413 adversus
1575 3371 1762 3432 genus
1795 3349 1907 3410 hu-

164 3457 411 3496 manum
463 3436 696 3518 placata
741 3448 863 3496 est:
906 3435 1153 3507 seilicet,
1194 3447 1381 3496 totam
1433 3433 1571 3495 Filii
1615 3432 1736 3494 Dei
1775 3431 1907 3494 Do-

12 3537 36 3604 3
152 3518 312 3579 <mini
343 3519 527 3579 nostri
553 3520 705 3580 Jesu
734 3518 958 3579 Christi
990 3517 1261 3579 crucifixi
1305 3530 1365 3578 et
1404 3515 1735 3578 resuscitati
1765 3514 1906 3577 obe·

12 3611 41 3656 ³3⁵
157 3600 471 3663 dientem.
558 3602 686 3662 Hic
724 3601 936 3662 unicus
969 3612 1061 3662 est
1099 3600 1441 3683 agnus,<qni
1477 3599 1634 3661 tollit
1658 3610 1906 3744 pfoeata

155 3683 392 3747 mai.
482 3684 579 3746 De
609 3686 724 3746 hoc
751 3684 934 3746 unico
960 3684 1252 3747 saoeiflcio
1278 3682 1507 3746 dictum
1535 3695 1650 3756 est,
1727 3681 1820 3744 eb.
1845 3703 1902 3742 x.
2012 3686 2021 3690 “

1647 3769 1686 3785 l
