2418 4172
435 356 508 411 64
1068 357 1554 413 CONFESSIO

436 501 523 563 sia
558 500 880 585 colligitur,
907 500 1010 562 sed
1041 501 1204 582 quod
1233 502 1423 563 oculis
1459 502 1675 563 nostris
1711 503 2019 579 absconsa,
2046 502 2185 566 Deo

435 596 639 647 autem
682 585 793 645 soli
831 595 992 659 nota,
1027 584 1322 666 judicium
1365 585 1698 646 humanum
1746 607 1909 669 saepe
1950 588 2185 649 subter-

433 666 498 729 fu
546 667 645 729 iat.

502 690 753 812 {Rursus
805 772 924 810 non
971 771 1181 810 omnes
1226 749 1330 830 qui
1381 764 1775 812 numerantur
1822 750 1881 811 in
1931 750 2186 812 ecclesia

436 833 647 907 sancti,
689 845 750 893 et
791 833 924 893 viva
976 844 1155 914 atque
1197 853 1335 892 vera
1383 848 1525 893 sunt
1577 833 1843 894 ecclesiae
1894 833 2185 894 membra.

435 916 593 977 Sunt
630 915 790 977 enim
832 915 1161 998 hypocritae
1208 914 1404 987 multi,
1442 915 1545 996 qui
1591 916 1732 977 foris
1772 916 2022 977 verbum
2061 914 2184 977 Dei

435 998 710 1071 audiunt,
766 1010 828 1059 et
884 1009 1255 1059 sacramenta
1309 996 1510 1079 palam
1550 999 1927 1082 percipiunt,
1976 998 2184 1059 Deum

435 1103 679 1163 quoque
736 1102 843 1175 per
897 1080 1212 1140 Christum
1271 1079 1545 1140 invocare
1602 1082 1820 1152 solum,
1868 1081 2183 1142 Christum

433 1163 705 1225 confiteri
725 1162 1024 1243 justitiam
1056 1182 1226 1223 suam
1257 1161 1519 1233 unicam,
1544 1161 1751 1223 Deum
1793 1164 1938 1225 item
1968 1164 2185 1237 colere,

434 1258 497 1308 et
523 1245 831 1308 charitatis
859 1244 1055 1305 officia
1082 1265 1378 1316 exercere,
1407 1243 1818 1326 patientiaque
1848 1247 1910 1307 in
1938 1246 2187 1308 calami-

433 1329 658 1390 tatibus
689 1327 762 1387 ad
793 1340 1034 1408 tempus
1057 1324 1373 1408 perdurare
1390 1324 1701 1387 videntur:
1739 1326 1844 1388 sed
1865 1327 2030 1405 intus
2051 1349 2189 1389 vera

434 1411 692 1494 Spiritus
732 1408 1191 1482 illuminatione,
1224 1419 1286 1468 et
1324 1406 1445 1468 fide
1481 1408 1790 1491 animique
1827 1409 2208 1486 sinceritate,

434 1506 494 1555 et
558 1492 722 1553 finali
791 1490 1227 1575 perseverentia
1290 1489 1716 1553 destituuntur.
1812 1493 1934 1562 Qui
2000 1493 2196 1554 etiam·

433 1576 641 1658 quales
671 1575 809 1649 sint,
829 1574 1074 1636 tandem
1106 1573 1470 1654 deteguntur
1497 1573 1638 1634 fere.
1720 1574 1992 1637 Joannes
2020 1575 2184 1638 enim

434 1658 758 1742 apostolus,
796 1678 818 1718 1
855 1658 1036 1718 Joan.
1067 1657 1125 1717 ii.
1157 1657 1465 1717 Exiermzt
1503 1677 1576 1717 ex
1611 1657 1801 1730 nobis,
1838 1658 1899 1719 in
1946 1659 2057 1733 uit,
2081 1658 2193 1720 sed

433 1764 555 1803 non
584 1749 763 1802 erant
791 1762 864 1801 ex
889 1740 1078 1801 nobis.
1164 1738 1333 1800 Nam
1360 1738 1708 1824 sifuissent
1737 1762 1811 1801 ex
1836 1680 2025 1816 ηοῖὺ,
2045 1763 2190 1823 per-

435 1825 799 1888 mansissent
826 1823 1035 1905 utique
1058 1822 1384 1883 nobiscum.
1469 1821 1553 1882 Et
1590 1835 1793 1884 tamen
1824 1823 1972 1885 dum
2005 1825 2067 1885 hi
2106 1825 2189 1886 si-

397 1907 405 1912 ’
438 1908 673 1969 mulant
714 1907 1022 1989 pietatem,
1050 1905 1189 1966 licet
1228 1927 1303 1966 ex
1344 1906 1594 1966 ecclesia
1634 1928 1754 1967 non
1797 1906 1938 1982 sint,
1973 1930 2189 1968 nume-

436 2001 640 2052 rantur
687 2000 890 2051 tamen
944 1989 1003 2049 in
1054 1988 1337 2048 ecclesia:
1382 1987 1556 2047 sicuti
1589 1988 1941 2071 proditores
1992 1990 2054 2051 in
2098 2012 2188 2051 re-

436 2074 697 2168 publica,
736 2073 1085 2155 priusquam
1131 2070 1507 2152 detegantur‚
1546 2083 1938 2132 numerantur
1972 2084 2037 2133 et
2071 2072 2189 2156 ipsi

438 2168 593 2217 inter
628 2156 807 2229 cives,
836 2166 897 2213 et
935 2152 1453 2234 quemadmodum
1494 2152 1705 2213 lolium
1734 2151 1838 2214 vel
1861 2154 2094 2216 zizania
2127 2166 2191 2217 et

437 2239 609 2322 palea
649 2236 1036 2298 inveniuntur
1078 2236 1140 2296 in
1194 2234 1425 2296 tritico:
1469 2247 1575 2295 ant
1622 2236 1779 2297 sicut
1828 2249 2076 2299 strumae
2126 2250 2191 2300 et

435 2336 701 2384 tumores
751 2319 1142 2380 inveniuntur
1197 2319 1257 2378 in
1318 2318 1552 2398 integro
1601 2341 1870 2402 corpore,
1912 2341 2053 2382 cum
2100 2342 2192 2383 re-

436 2427 574 2466 vera
604 2402 797 2465 morbi
821 2413 883 2462 et
910 2400 1320 2462 deformitates
1350 2401 1470 2460 sint
1496 2402 1692 2463 verius
1712 2403 1975 2484 corporis
2002 2425 2191 2485 quam

441 2487 712 2548 membra
733 2506 887 2545 vera.
933 2482 1190 2545 Proinde
1219 2483 1466 2544 ecclesia
1487 2483 1606 2545 Dei
1631 2496 1789 2546 recte
1810 2498 2193 2568 comparatur

438 2590 697 2653 sagenae,
726 2588 862 2647 quoe
900 2566 1096 2627 omnis
1136 2566 1367 2648 generis
1408 2567 1600 2648 pisces
1638 2568 1906 2641 attrahit,
1934 2580 1997 2630 et
2029 2589 2193 2652 agro,

438 2653 502 2716 in
522 2673 646 2745 quo
668 2648 1052 2710 inveniuntur
1073 2660 1133 2709 et
1163 2648 1392 2709 zizania
1412 2661 1473 2709 et
1494 2650 1785 2724 triticum,
1817 2651 2045 2713 Matth.
2066 2651 2192 2713 xiii.

441 2734 566 2796 Ubi
597 2733 863 2795 maxime
892 2753 1099 2793 cavere
1128 2743 1384 2812 oportet,
1415 2754 1491 2792 ne
1521 2748 1659 2793 ante
1688 2747 1930 2816 tempus
1957 2734 2194 2816 judice·

440 2839 597 2890 mus,
625 2826 686 2876 et
726 2813 1045 2876 excludere
1076 2813 1468 2894 abjicereque,
1498 2827 1602 2875 aut
1640 2816 1989 2878 exscindere
2016 2839 2195 2879 cone-

441 2922 578 2963 mur
609 2920 731 2970 eos,
761 2918 912 2978 quos
940 2896 1245 2958 Dominus
1281 2896 1520 2957 excludi
1558 2898 1858 2980 abjicique
1895 2921 2016 2960 non
2047 2900 2195 2974 vult,

442 2995 547 3045 aut
583 3002 736 3063 quos
771 2979 899 3041 sine
931 2979 1169 3060 jactura
1206 2978 1476 3040 ecclesiae
1514 3002 1785 3062 separare
1828 3003 1949 3042 non
1983 3003 2195 3065 possu-

444 3088 596 3128 mus.
686 3063 916 3125 Rursus
955 3060 1324 3144 vigilandum
1370 3075 1480 3134 est,
1511 3084 1588 3123 ne
1629 3064 2015 3126 stertentibus
2058 3064 2195 3148 piis,

444 3149 526 3209 im
576 3147 614 3208 ii
645 3144 1015 3230 proficiendo
1041 3144 1331 3206 damnum
1364 3143 1509 3206 dent
1537 3146 1822 3207 ecclesiae.

525 3171 985 3291 ghent-vandum
1044 3238 1330 3311 praeterea
1395 3226 1713 3310 diligenter
1766 3228 2075 3304 docemus,
2130 3228 2192 3291 iu

444 3335 567 3394 quo
610 3311 990 3395 potissimum
1035 3311 1148 3372 sita
1190 3310 1405 3372 veritas
1447 3329 1508 3371 et
1552 3311 1749 3373 unitas
1790 3311 2076 3386 ecclesio,
2115 3331 2193 3372 nc

443 3408 669 3457 temere
714 3395 1038 3455 schismata
1080 3393 1434 3466 excitemus,
1476 3405 1539 3455 et
1582 3393 1642 3455 in
1693 3394 1943 3456 ecclesia
1990 3391 2191 3454 fovea-

447 3499 600 3538 mus.
684 3476 812 3537 sita
841 3490 931 3538 est
966 3477 1066 3538 illa
1095 3498 1215 3537 non
1256 3476 1317 3537 in
1346 3477 1720 3539 caeremoniis
1756 3489 1821 3538 et
1847 3474 2060 3555 ritibus
2088 3495 2192 3536 ex-

447 3559 650 3631 ternis,
679 3558 779 3619 sed
813 3560 1002 3640 magis
1034 3559 1095 3619 in
1126 3559 1374 3620 veritate
1407 3571 1470 3620 et
1504 3558 1733 3621 unitate
1771 3555 1912 3619 fidei
1939 3558 2193 3619 eutholi-

444 3662 556 3704 cae.
644 3639 820 3702 Fides
862 3641 1178 3712 catholica,
1212 3661 1333 3701 non
1376 3653 1467 3701 est
1509 3640 1682 3702 nobis
1723 3637 1941 3702 tradita
1981 3640 2193 3703 huma·
