2418 4172
440 354 547 409 146
1069 353 1557 408 CONFESSIO

442 495 743 559 scandalo.
816 495 977 558 Haec
1006 496 1248 558 libertas
1279 497 1340 557 in
1372 496 1583 556 ritibus
1615 493 1897 555 humanis
1925 514 2047 554 non
2076 492 2195 555 fuit

445 582 651 663 ignota
679 579 968 663 patribus.
1053 579 1220 641 Nam
1262 580 1324 639 in
1367 578 1596 638 oriente
1626 576 1742 637 alio
1771 587 2046 659 tempore
2075 596 2196 636 ser-

444 674 738 725 vaverunt
795 662 1016 744 pascha
1073 682 1256 743 quam
1318 660 1551 733 Romae,
1608 671 1669 720 et
1725 679 1866 719 cum
1927 657 2193 719 Romani

442 755 688 838 propter
726 744 883 805 hanc
920 743 1473 805 dissimilitudinem
1514 752 1860 803 accusarent
1902 739 2193 801 orientem

446 827 807 902 schismatis,
836 826 1128 887 admoniti
1173 837 1316 888 sunt
1359 826 1436 885 ab
1479 824 1609 885 aliis
1648 824 1795 884 tales
1836 843 2032 883 mores
2070 842 2197 882 non

446 922 721 1003 oportere
773 909 997 989 ubique
1045 908 1270 970 similes
1312 929 1456 968 esse.
1542 906 1626 967 Et
1669 906 1936 966 Irenaeus
1981 904 2041 964 in
2087 903 2199 977 uit,

446 991 814 1053 dissonantia
854 990 1093 1070 jejunii,
1136 990 1276 1051 fidei
1327 989 1781 1050 consonantiam
1829 1010 1951 1047 non
2002 985 2200 1059 sovit‚

447 1074 605 1135 sicut
660 1085 720 1133 et
764 1073 923 1133 Dist.
953 1072 1107 1133 XII.
1153 1071 1478 1153 Gregorius
1528 1092 1686 1153 papa
1743 1069 2063 1151 significat,
2110 1080 2203 1129 ta-

449 1156 574 1217 lem
602 1153 1155 1216 dissimilitudinem
1185 1175 1310 1214 non
1340 1152 1554 1213 laedere
1583 1153 1877 1212 unitatem
1911 1150 2199 1213 ecclesiae.

447 1237 536 1299 Et
577 1238 638 1298 in
686 1236 932 1297 historia
973 1235 1271 1330 tripartita
1319 1235 1425 1294 lib.
1455 1234 1572 1294 IX.
1610 1226 1802 1294 multa
1834 1233 2203 1315 colliguntur

449 1319 731 1401 exempla
791 1316 1176 1379 dissimilium
1244 1317 1488 1389 rituum,
1551 1325 1615 1375 et
1675 1315 2004 1375 recitantur
2071 1314 2204 1375 haec

446 1402 666 1462 verba:
710 1401 893 1461 Mens
923 1400 1332 1482 apostolorum
1362 1397 1497 1471 fixit,
1526 1418 1648 1457 non
1678 1395 1755 1457 de
1783 1395 1997 1458 diebus
2034 1394 2205 1457 festis

451 1483 699 1558 sancire,
727 1482 831 1543 sed
862 1482 1184 1566 proedicare
1212 1483 1434 1542 bonam
1459 1478 1974 1541 conversationem
1996 1489 2059 1540 et
2078 1477 2206 1562 pie-³

452 1577 662 1628 tatem.

848 1709 958 1770 vl.
996 1711 1102 1771 De
1135 1712 1313 1773 Votis
1341 1711 1806 1774 Monaclwrum.

454 1790 704 1887 QUID
747 1811 823 1873 de
865 1814 1018 1874 votis
1063 1814 1501 1876 monachorum
1542 1814 1704 1898 apud
1746 1837 1857 1875 nos
1902 1813 2204 1887 doceatur,

454 1895 672 1957 melius
702 1895 987 1978 intelligit
1009 1897 1217 1978 siquis
1247 1898 1610 1972 meminerit,
1633 1898 1828 1978 qualis
1858 1907 2049 1958 status
2076 1895 2207 1957 fue-

453 1978 532 2038 rit
566 1978 1084 2053 monasteriorum,
1122 1979 1321 2060 quam'
1354 1980 1547 2040 multa
1588 1990 1797 2040 contra
1838 1999 2099 2040 canones
2142 1977 2205 2038 in

453 2059 599 2143 ipsis
644 2061 1018 2121 monasteriis
1057 2061 1329 2141 quotidie
1367 2062 1612 2122 fiebant.
1698 2059 2024 2143 Augustini
2051 2071 2209 2121 tem-

452 2164 600 2226 pore
629 2154 799 2203 erant
827 2142 1013 2204 libera
1041 2143 1312 2226 collegia,
1336 2155 1547 2226 postea
1566 2154 1846 2226 corrupta
1874 2141 2209 2226 disciplina,

452 2225 681 2305 ubique
711 2224 914 2286 addita
943 2237 1084 2287 sunt
1109 2238 1267 2300 vota,
1299 2238 1367 2287 ut
1394 2237 1686 2307 tanquam
1714 2226 2055 2309 excogitato
2082 2246 2212 2287 car-

454 2329 589 2369 cere
617 2306 935 2390 disciplina
960 2308 1389 2370 restitueretur.
1473 2308 1714 2369 Additoe
1745 2321 1887 2369 sunt
1957 2307 2207 2370 aulatim

454 2412 521 2451 su
571 2411 635 2450 ra
660 2402 802 2452 vota
830 2390 964 2450 aliae
996 2392 1199 2451 multoe
1229 2390 1693 2452 observationes.
1779 2389 1863 2451 Et
2077 2389 2209 2451 vin-

457 2493 534 2533 cu
559 2494 593 2531 a
636 2471 842 2532 multis
886 2482 1024 2532 ante
1056 2473 1285 2566 justam
1322 2483 1560 2533 aetatem
1593 2483 1802 2534 contra
1830 2493 2092 2534 canones
2118 2471 2211 2533 in-

445 2552 613 2634 jecta
642 2564 800 2613 sunt.
887 2554 1076 2615 Mulu
1107 2553 1446 2616 inciderunt
1474 2575 1671 2615 errore
1701 2554 1763 2614 in
1793 2553 1910 2615 hoc
1938 2554 2077 2616 vitae
2103 2575 2211 2638 ge-

457 2656 590 2711 nus,
618 2635 837 2716 quibus
879 2635 1115 2697 etiamsi
1154 2659 1277 2697 non
1316 2635 1593 2698 deessent
1630 2636 1792 2711 anni,
1820 2635 2212 2718 tamenjudi-

459 2717 625 2779 cium
667 2715 744 2778 de
786 2718 908 2778 suis
949 2718 1175 2780 viribus
1213 2718 1423 2780 defuit.
1511 2719 1634 2787 Qui
1666 2719 1754 2779 sic
1782 2718 1993 2781 irretiti
2023 2730 2213 2795 erant,

458 2800 829 2883 cogebantur
857 2821 1117 2874 manere,
1145 2801 1379 2863 etiamsi
1413 2800 1660 2883 quidam
1701 2802 1999 2864 beneficio
2031 2822 2213 2863 cano-

459 2903 625 2944 num⁴
654 2882 889 2943 liberari
933 2895 1195 2966 possent.
1282 2883 1366 2945 Et
1404 2884 1522 2946 hoc
1559 2882 1780 2946 accidit
1808 2883 1999 2968 magis
2026 2883 2212 2947 etiam

460 2965 524 3027 in
569 2965 945 3027 monasteriis
987 2966 1308 3050 virginum,
1344 2988 1528 3048 quam
1574 2966 2033 3041 monachorum,
2067 2987 2209 3029 cum

463 3048 631 3110 sexui
673 3048 1049 3111 imbecilliori
1076 3050 1269 3133 magis
1298 3048 1667 3132 parcendum
1705 3060 1880 3110 esset.
1967 3049 2096 3112 Hic
2134 3049 2233 3113 ri-,

462 3152 572 3214 gor
611 3129 920 3215 displicuit
962 3132 1168 3194 multis
1213 3132 1384 3193 bonis
1421 3132 1560 3193 viris
1595 3142 1735 3193 snte
1763 3131 1895 3194 hoec
1921 3142 2213 3216 tempora,

507 3213 567 3274 ui
611 3212 898 3276 videbant
937 3215 1168 3298 puellas
1211 3227 1271 3277 et
1314 3213 1721 3277 adolescentes
1759 3214 1824 3276 in
1851 3211 2210 3277 monasteria

462 3235 700 3358 detrudi
750 3318 860 3380 pro
904 3308 996 3360 ter
1041 3298 1292 3373 victum,
1333 3298 1619 3360 videbant
1662 3319 1849 3379 quam
1887 3293 2211 3359 ‘infelidter

464 3379 807 3441 succederet
859 3319 983 3443 boc
1035 3381 1372 3456 consilium,
1428 3402 1567 3463 quae
1623 3378 1903 3442 scandala
1958 3387 2210 3462 pareret,

466 3482 616 3553 quos
646 3462 890 3542 laqueos
919 3464 1299 3527 conscientiis
1329 3464 1619 3546 injiceret.
1701 3460 2012 3524 Dolebtut
2040 3469 2209 3521 auto-

464 3554 702 3604 ritatem
732 3566 1034 3607 canonum
1065 3547 1127 3610 in
1156 3570 1219 3610 re
1246 3544 1747 3630 periculosissima
1777 3540 2027 3604 omnino
2060 3562 2209 3623 neg-

463 3622 567 3704 ligi
598 3636 659 3685 et
686 3628 1009 3689 contemni.
