2418 4172
522 388 632 441 314
1151 385 1636 440 CONFESSIO

524 529 675 590 Ideo
702 538 903 589 autem
934 538 1265 601 conservat,
1291 538 1360 587 ut
1401 526 1543 587 inde
1587 523 1857 587 Ecclesia
1892 527 2094 610 colligi

524 611 639 673 sit:
669 621 731 671 et
751 612 881 671 vult
908 609 1146 693 politias
1174 631 1303 670 esse
1333 609 1592 691 hospitia
1619 608 1929 670 Ecclesiae.
1988 609 2073 672 Et
2101 549 2263 672 aliud

522 706 614 756 est
657 693 901 776 politica
951 693 1325 775 gubernatio,
1368 714 1502 772 quae
1549 704 1783 752 coercet
1823 713 2034 753 omnes
2081 692 2264 755 etiam

521 798 642 837 non
674 789 945 836 renatos:
990 774 1149 836 aliud
1195 774 1464 835 remissio
1507 786 1891 856 peccatorum
1936 785 2019 835 et·
2029 773 2269 854 Justitia

523 858 585 919 in
615 858 914 933 cordibus,
943 880 1079 939 quae
1117 868 1209 917 est
1252 857 1556 918 inchoatio
1585 857 1720 917 vitae
1763 870 1824 916 et
1862 856 2070 917 salutis
2096 867 2270 917 eter-

524 963 636 1014 noe,
663 962 798 1021 quae
828 963 973 1002 voce
1002 939 1172 1000 Evan
1218 940 1318 1000 elii
1349 942 1419 1000 fit
1447 940 1506 999 in
1538 938 1937 1000 credentibus.
2013 937 2268 1000 Utrum-

523 1030 644 1105 q'ue
674 1024 901 1083 bonum
933 1022 1143 1082 tribuit
1236 1043 1342 1082 eus
1371 1022 1571 1103 generi
1611 1022 1918 1082 humano:
1962 1032 2026 1082 et
2058 1020 2268 1083 discri-

525 1106 691 1166 mina
721 1105 978 1184 justitiae
1105 1103 1287 1163 liticae
1322 1116 1383 1163 et
1423 1102 1572 1163 lucis
1611 1104 1671 1163 in
1713 1103 1992 1164 cordibus
2020 1103 2152 1165 vult
2177 1101 2269 1164 in-

522 1186 730 1268 telligi.
815 1186 951 1246 Nec
1037 1185 1382 1265 vangelium
1412 1184 1664 1245 damnat
1692 1196 1796 1247 aut
1824 1185 2081 1268 dissipat*
2111 1184 2268 1269 poli-

523 1269 655 1341 tias,
685 1267 1219 1329 autoeconomias.
1301 1265 1436 1326 Etsi
1478 1278 1680 1327 autem
1725 1288 1844 1327 non
1890 1267 2151 1349 pertinet
2189 1266 2267 1328 ad

523 1350 806 1412 docentes
836 1351 897 1410 in
936 1349 1228 1423 Ecclesia,
1259 1349 1418 1430 leges
1448 1347 1830 1430 particulares
1859 1348 2012 1409 ferre
2047 1348 2127 1410 de
2162 1359 2270 1432 po-

522 1433 686 1494 litica
714 1432 1184 1514 gubernationet
1227 1442 1431 1492 tamen
1472 1430 1532 1491 in
1568 1452 1784 1512 genere
1810 1430 1888 1492 de
1922 1430 2123 1493 officio
2157 1453 2271 1514 po-

522 1515 753 1578 testatis
783 1516 899 1577 hoc
928 1514 1109 1577 tradit
1135 1536 1252 1575 vox
1282 1513 1503 1574 divina.
1567 1513 1872 1575 Primum:
1901 1513 2053 1575 Vult
2074 1513 2271 1588 Deus,

524 1599 651 1659 sine
689 1598 808 1666 ulla
843 1597 1237 1671 dubitatione,
1267 1596 1650 1677 magistratus
1692 1618 1903 1657 sonare
1928 1618 2139 1659 vocem
2184 1596 2271 1658 le·

523 1682 614 1763 gis
645 1682 884 1742 moralis
914 1681 975 1741 in
1007 1702 1223 1760 genere
1252 1679 1540 1750 bumanO,
1571 1678 1732 1759 quod
1776 1680 1850 1740 ad
1884 1678 2267 1762 disciplinam

524 1764 759 1835 attinet,
777 1763 956 1843 juxta
984 1761 1362 1842 Decalogum
1389 1783 1494 1821 seu
1524 1762 1719 1853 legem
1752 1761 2120 1823 naturalem:
2153 1761 2269 1823 hoc

524 1857 633 1920 est,
662 1846 790 1906 vult
832 1845 1292 1927 magistratuum
1325 1866 1469 1904 voee
1511 1864 1778 1925 primum
1819 1844 2071 1926 proponi
2102 1865 2270 1907 sum-

524 1951 654 1990 mas
697 1941 760 1988 et
802 1926 1209 1988 immutabiles
1251 1927 1433 2007 leges,
1460 1926 1847 2006 prohibentes
1880 1926 2112 1990 cultum
2144 1925 2271 1988 ido-

524 2011 739 2084 lorum,
770 2009 1191 2103 blasphemias,
1232 2006 1509 2090 perjurim
1551 2006 1803 2086 injustas
1845 2006 2060 2082 caedes,
2090 2028 2271 2091 vagas

524 2093 825 2165 libidines,
861 2090 1244 2152 violationem
1289 2089 1579 2182 conjugii,
1613 2089 1771 2150 furta
1815 2101 1878 2151 et
1922 2089 2160 2152 fraudes
2206 2089 2268 2152 in

567 2176 734 2250 actis,
763 2173 1170 2236 contractibus
1199 2183 1263 2234 et
1279 2171 1545 2254 judiciis.
1595 2171 1944 2235 Secundum
1975 2172 2272 2236 officium:

523 2199 764 2319 {larum
797 2258 998 2339 legum
1032 2256 1367 2317 divinarum
1408 2266 1470 2316 et
1509 2254 1938 2331 immobilium,
1965 2278 2102 2337 quae
2130 2267 2274 2318 sunt

524 2340 869 2403 testimonia
917 2339 992 2400 de
1034 2339 1193 2412 Deo,
1235 2348 1298 2399 et
1345 2359 1585 2399 summa
1633 2360 1845 2399 norma
1891 2360 2151 2414 morum,
2193 2338 2275 2400 sit

524 2435 724 2485 custos
772 2423 1175 2503 magistratus,
1217 2421 1276 2481 in
1328 2419 1647 2503 puniendis
1694 2421 1978 2482 omnibus
2022 2421 2127 2502 qui
2171 2443 2272 2482 eas

526 2506 768 2567 violant.
855 2505 1019 2566 Nam
1050 2526 1168 2565 vox
1207 2503 1355 2585 legis
1398 2503 1526 2563 sine
1569 2524 1752 2584 poena
1795 2515 1858 2565 et
1895 2504 2274 2579 executione,

570 2610 736 2649 arum
771 2587 930 2648 valet
966 2586 1040 2647 ad
1088 2584 1424 2648 froenandos
1471 2596 1533 2646 et
1576 2585 1936 2647 coercendos
1973 2585 2273 2648 homines.

561 2669 675 2732 deo
703 2670 934 2731 dictum
975 2679 1067 2730 est
1104 2691 1139 2730 a
1167 2667 1388 2729 Pauloz
1434 2666 1717 2729 Potestas
1742 2669 1824 2730 sit
1854 2669 2085 2731 terrori
2109 2667 2275 2732 nalo

525 2754 713 2835 opere‘,
762 2761 820 2814 et
865 2752 1076 2813 honori
1125 2752 1316 2813 bono.-
1361 2761 1424 2811 et
1480 2750 1805 2831 antiquitas
1862 2763 2023 2814 recte
2077 2750 2272 2815 dixit:

527 2836 921 2918 Magistratus
945 2831 1037 2896 est
1063 2845 1265 2895 custos
1293 2833 1460 2915 legis,
1483 2833 1709 2895 scilicet
1739 2835 1949 2917 primae
1974 2844 2040 2896 et
2063 2856 2277 2898 secun·

526 2919 617 2981 doe
648 2918 888 2992 tabuloe,
916 2916 1077 2999 quod
1110 2916 1183 2978 ad
1213 2915 1591 2999 disciplinam
1622 2917 1856 2979 attinet.

609 3002 880 3063 Tertium
923 2998 1190 3062 officium
1236 3011 1329 3060 est
1372 2999 1755 3083 magistratus
1796 2999 2047 3083 politici,
2089 2998 2273 3063 etiam

528 3083 744 3146 addere
785 3081 1038 3146 naturali
1085 3082 1200 3164 legi
1246 3081 1473 3163 aliquas
1518 3082 1696 3164 leges,
1725 3104 1865 3164 quae
1906 3094 2049 3145 sunt
2082 3081 2278 3147 deten-

530 3167 888 3229 minationes
917 3165 1500 3227 circumstantiarum
1545 3165 1692 3248 legis
1728 3178 1972 3228 naturoe.
2058 3165 2276 3248 ltaque

528 3262 589 3311 et
620 3249 832 3312 harum
864 3248 1068 3331 legum
1098 3259 1299 3310 eustos
1338 3247 1400 3309 in
1440 3247 1747 3331 puniendo
1783 3248 1883 3323 sit,
1907 3247 2012 3312 sed
2050 3262 2274 3342 nequ.-

572 3356 712 3395 uam
746 3333 893 3394 ferat
920 3343 1026 3394 aut
1059 3329 1341 3393 defendat
1381 3330 1541 3413 leges
1585 3344 1920 3414 pugnantes
1961 3341 2271 3410 eumq-re

530 3355 734 3478 divino
776 3427 839 3477 et
881 3413 1156 3487 naturali,
1185 3414 1345 3476 sieut
1382 3413 1671 3496 scriptum
1717 3428 1809 3477 est
1849 3406 2271 3479 Enni-»141²«

530 3498 606 3560 iis
644 3499 750 3581 qui
794 3498 1055 3560 condunt
1091 3496 1258 3580 leges
1292 3496 1551 3580 iniquas.
1638 3498 1800 3567 Quia
1841 3491 2090 3581 imperia
2128 3502 2271 3554 sunt

528 3580 825 3642 ordinatio
852 3579 1073 3654 divina,
1103 3580 1162 3641 in
1189 3602 1310 3674 qua
1351 3578 1645 3663 sapientia
1683 3591 1747 3641 et
1774 3572 2008 3658 justitia
2034 3571 2178 3642 Dei.
2205 3572 2270 3637 id

523 3676 621 3723 est
670 3662 827 3742 leges
863 3662 1042 3740 justoe
1090 3661 1388 3723 dominari
1435 3660 1678 3733 debent,
1719 3659 1875 3725 sieut
1920 3654 2115 3738 inquit
2163 3677 2270 3719 rex
2356 3736 2358 3739 ι
