2418 4172
424 358 495 410 74
1019 354 1508 408 CONFESSIO

424 509 787 568 mentorum,
826 498 915 557 vel
969 496 1271 559 efficacem
1314 499 1405 558 vei
1460 496 1848 568 inefficacem,
1885 517 1962 557 ex
2012 496 2173 558 mala
2206 543 2209 545 Α

422 581 513 642 vel
547 582 703 642 bona
733 580 1142 641 ministrorum
1177 580 1297 641 vita
1325 581 1645 642 aestimant.
1730 579 1971 639 Scimus
2003 579 2170 640 enim

421 686 628 725 vocem
660 662 886 723 Christi
934 660 1291 723 audiendam
1334 686 1463 723 esse
1494 663 1584 723 vel
1615 684 1688 722 ex
1722 662 2017 722 maiorum
2057 660 2175 723 mi-
2212 700 2216 705 -

421 746 745 807 nistrorum
787 767 905 805 ore.
993 745 1255 814 Quando
1295 746 1421 829 ipse
1450 746 1758 806 Dominus
1784 743 1960 818 dixit,
1989 742 2172 804 Matt.
2207 790 2214 798 .

423 829 592 890 xxiii.
630 829 780 894 Qua:
838 828 1045 889 dicunt
1076 827 1308 911 facite,
1356 829 1680 890 secundum
1729 847 1911 909 opera
1969 833 2211 886 autem·

424 933 626 974 eorum
654 909 845 971 nolite
848 910 1096 993 facere.
1183 911 1424 972 Scimus
1466 916 1854 980 sacramenta,
1884 930 1959 969 ex
2004 907 2177 969 insti·
2212 950 2218 954 -

421 995 675 1068 tutione,
710 1005 773 1053 et
816 1016 922 1086 per
959 994 1207 1054 verbum
1248 993 1475 1053 Christi
1522 993 1902 1063 sanctificari,
1945 1003 2008 1052 et
2048 989 2177 1052 effi·

423 1078 586 1139 cacia
616 1099 745 1136 esse
776 1076 909 1157 piis,
939 1076 1177 1135 tametsi
1215 1075 1537 1136 offerantur
1564 1077 1643 1144 ah
1671 1075 1934 1157 indignis
1963 1073 2178 1135 minis-
2208 1112 2214 1117 -

423 1160 547 1220 tris.
631 1158 731 1219 De
760 1179 879 1237 qua
911 1179 973 1216 re
1007 1179 1081 1216 ex
1114 1158 1241 1218 Scri
1290 1158 1457 1228 turis,
1489 1158 1680 1217 muita
1719 1170 1927 1218 contra
1964 1157 2177 1219 Dona-

422 1243 593 1303 tistas
622 1239 954 1322 disputavit
984 1240 1194 1298 beatus
1222 1180 1342 1299 1323
1375 1261 1581 1299 servus
1609 1241 2009 1332 Augustinus.
2065 1239 2179 1300 At-

423 1324 527 1405 qui
576 1323 757 1383 debet
804 1321 1043 1381 interim
1077 1321 1245 1400 justa
1288 1343 1417 1381 esse
1456 1322 1614 1381 inter
1649 1321 1959 1382 ministros
1995 1319 2179 1383 disci-

420 1406 605 1488 plina.
692 1402 1134 1496 Inquirendum
1175 1403 1338 1463 enim
1382 1403 1704 1486 diligenter
1734 1403 1797 1463 in
1841 1402 2176 1464 doctrinam

422 1502 484 1549 et
513 1488 701 1548 vitam
734 1487 1168 1556 ministrorum,
1200 1486 1258 1546 in
1292 1486 1555 1568 synodis·
1627 1485 2006 1569 Corripiendi
2037 1495 2181 1546 sunt

422 1582 738 1654 peccantes
770 1592 802 1628 a
833 1569 1183 1642 senioribus,
1212 1582 1274 1629 et
1301 1569 1362 1628 in
1395 1569 1554 1629 viam
1585 1568 1926 1640 reducendi,
1957 1569 2005 1629 si
2037 1578 2182 1629 sunt

424 1653 739 1725 sanabiles,
769 1664 870 1711 aut
901 1651 1262 1733 deponendi,
1292 1664 1352 1712 et
1373 1652 1537 1712 velut
1566 1651 1692 1734 lupi
1725 1651 2005 1734 abigendi
2038 1661 2184 1711 sunt

425 1759 531 1819 per
558 1757 727 1795 veros
768 1746 1032 1816 pastores
1074 1757 1108 1794 a
1148 1756 1327 1816 grege
1368 1733 1714 1806 Dominic0,
1744 1734 1790 1794 si
1834 1746 1976 1795 sunt
2009 1734 2182 1795 incu-

428 1819 658 1880 rabiles.
744 1818 805 1877 Si
852 1817 1014 1877 enim
1062 1817 1183 1877 sint
1216 1816 1770 1899 pseudo-doctores,
1801 1817 2056 1878 minime
2094 1815 2182 1876 fe-

427 1901 592 1963 rendi
640 1912 798 1961 sunt.
886 1899 1105 1979 Neque
1143 1911 1284 1959 vero
1327 1913 1388 1960 et
1422 1899 1834 1960 OEcumenica
1877 1899 2182 1983 improba-

428 2006 564 2046 mus
603 1982 876 2055 concilia,
906 1982 952 2041 si
997 1981 1069 2042 ad
1108 1982 1457 2064 exemplum
1490 1982 1869 2043 celebrentur
1897 1982 2183 2065 apostoli·

428 2090 589 2140 cum,
620 2065 693 2126 ad
723 2065 990 2125 ccclesiae
1021 2064 1297 2134 salutern,
1330 2086 1450 2124 non
1482 2064 1830 2146 perniciem.

513 2148 782 2210 Ministri
825 2169 1068 2228 quoque
1112 2146 1319 2207 fideles
1362 2168 1592 2220 omne8‚
1620 2158 1690 2207 ut
1728 2146 1868 2207 boni
1908 2145 2183 2230 operarii,

429 2230 704 2293 mercede
753 2252 859 2290 sua
902 2229 1067 2311 digni
1118 2242 1278 2302 sunt,
1323 2252 1435 2290 nec
1479 2241 1754 2312 peccant,
1792 2229 2037 2310 quando
2078 2229 2185 2290 sti-

427 2314 716 2397 pendium
748 2313 1074 2393 omniaque
1111 2313 1353 2373 interim
1395 2313 1725 2372 necessaria
1753 2334 1865 2395 pro
1891 2334 1955 2372 se
1982 2323 2046 2373 et
2073 2333 2183 2373 sua

428 2397 657 2458 familia
686 2396 806 2457 acci
858 2395 1005 2455 iunt.
1064 2394 1229 2455 Nam
1249 2395 1577 2488 Apostolus
1607 2394 1872 2455 ostendit
1894 2394 2023 2456 boec
2041 2394 2182 2475 jure

428 2480 553 2540 dari
600 2481 676 2539 ab
718 2418 989 2549 eccliJesia,
1028 2488 1090 2537 et
1134 2478 1323 2560 accipi
1370 2499 1404 2537 a
1448 2477 1756 2550 ministris,
1795 2477 1857 2537 in
1895 2489 1918 2538 1
1957 2476 2032 2538 ad
2061 2476 2184 2538 Co-

430 2562 611 2622 rinth.
641 2561 721 2620 ix.
750 2572 813 2620 et
841 2560 901 2619 in
949 2571 972 2619 1
1005 2559 1078 2620 ad
1106 2559 1267 2620 Tim.
1298 2582 1351 2619 v.
1391 2571 1452 2620 et
1491 2560 1630 2620 alibi
1674 2581 1934 2642 quoque.
2018 2558 2184 2621 Con-

430 2644 605 2705 futati
660 2653 799 2702 sunt
851 2654 1052 2703 autem
1106 2642 1433 2724 apostolica
1481 2642 1754 2703 doctrina
1810 2655 1873 2704 et
1921 2643 2225 2726 anabap-

430 2727 606 2799 tistae,
636 2725 739 2807 qui
773 2725 1078 2785 ministros
1107 2747 1180 2785 ex
1216 2726 1550 2786 ministerio
1578 2748 1689 2786 suo
1717 2725 1984 2787 viventes
2012 2724 2183 2787 dam·
2218 2766 2223 2772 -

432 2821 597 2880 nant,
627 2821 687 2869 et
717 2807 993 2869 convitiis
1023 2808 1437 2892 proscindunt.

1076 3000 1538 3042 4-

729 3139 832 3202 De
861 3138 1278 3201 Suc-ramentis
1308 3138 1594 3201 Ecclesn‘oe
1632 3139 1883 3200 Christi.

1220 3262 1402 3325 xlx.
1895 3310 1897 3313 ,

436 3363 1118 3443 PRAEch‘moNJ
1155 3380 1318 3442 verbi
1365 3379 1455 3441 sui
1502 3378 1780 3460 adjunxit
1818 3377 1993 3441 nen·
2035 3397 2179 3439 mox

436 3466 511 3525 ab
555 3465 744 3535 initio,
774 3465 833 3524 in
879 3464 1131 3525 ecclesia
1173 3486 1300 3534 sua,
1332 3475 1704 3524 sacramenta
1737 3461 1828 3521 vel
1874 3458 2045 3540 signa
2086 3481 2182 3520 aa·

435 3547 838 3606 eramentalia.
893 3547 987 3607 Ita
1014 3547 1176 3608 enim
1209 3546 1365 3607 clare
1395 3556 1647 3607 testatur
1675 3543 1949 3604 univer·-
1977 3540 2181 3625 Scrip-

435 3643 565 3689 tura
596 3650 776 3689 sacra.
861 3631 1016 3689 Sunt
1049 3641 1248 3691 autem
1292 3638 1683 3696 sacramenta,
1711 3623 1987 3706 symbola
2017 3646 2182 3709 mys-

2381 2259 2409 2648 *ffm-Q-m--n-
2382 2085 2402 2238 »σαι-νὺ
2386 2021 2398 2059 ⁴·-
2387 1910 2399 1972 [⁸2
2393 1845 2399 1873 ,.

2376 3091 2394 3123 a*
2377 2676 2417 3055 ..νΜνὟᾸοΑΠ-μι

2368 3432 2397 3450 A
