2418 4172
510 382 619 435 410
968 382 1016 436 1.
1056 382 1490 439 DOCTRINAE
1531 384 1805 449 CAPUT,

511 524 622 585 reri
666 523 891 586 debent
934 525 995 599 ii,
1025 526 1128 607 qui
1169 546 1307 587 cum
1351 527 1503 587 serio
1542 526 1617 588 ad
1648 526 1852 588 Deum
1882 529 2168 603 converti,
2195 530 2251 592 ei

509 610 687 669 unice
727 608 980 691 placere,
1009 619 1069 668 et
1111 630 1144 669 e
1187 630 1434 692 corpore
1473 609 1682 669 mortis
1721 609 1868 692 eripi
1896 608 2254 686 desiderunt,

510 689 571 750 in
614 690 710 751 via
753 701 954 752 tamen
999 690 1238 773 pietatis
1276 703 1338 752 et
1365 691 1506 752 fidei
1536 713 1609 751 eo
1639 713 1708 751 us
1753 713 1846 766 ue,
1918 713 1997 752 uo
2023 693 2254 768 volunt,

507 772 816 855 pervenire
882 774 1149 834 nondum
1217 785 1488 856 possunt,
1546 712 1842 854 siquigem
1874 712 2091 835 (iinum
2162 774 2256 838 fu-

508 854 744 938 migans
787 876 852 917 se
893 874 1013 917 non
1057 856 1485 931 extincturum,
1514 868 1576 916 et
1618 856 1966 917 arundinem
2008 877 2255 938 quassa·

506 946 634 999 tam
665 958 728 999 se
756 956 875 999 non
898 938 1248 1013 fracturum,
1270 939 1547 1021 promisit
1577 939 1908 999 misericors
1930 938 2118 1000 Deus.
2169 939 2253 1002 li·

507 1031 708 1081 autem
755 1021 883 1081 hoec
925 1019 1195 1081 doctrina
1238 1021 1453 1081 merito
1496 1022 1700 1082 terrori
1745 1033 1853 1095 est,
1881 1022 1986 1102 qui
2029 1021 2148 1084 Dei
2191 1030 2255 1083 et

507 1102 834 1163 Sei-vetoris
861 1103 1010 1164 Jesu
1041 1102 1265 1163 Christi
1298 1103 1491 1176 obliti,
1522 1103 1731 1164 mundi
1766 1104 1923 1164 curis
1962 1116 2024 1165 et
2061 1105 2252 1165 carnis

506 1185 915 1267 voluptatibus
973 1205 1036 1244 se
1102 1196 1260 1245 totos
1329 1186 1766 1268 manciparunt,
1821 1186 2112 1265 quamdiu
2176 1187 2250 1248 ad

504 1266 711 1327 Deum
743 1267 895 1327 serio
927 1289 1047 1326 non
1078 1278 1522 1327 convertuntur.

587 1429 1094 1512 Quandoquidem
1139 1430 1215 1491 de
1258 1431 1564 1491 voluntate
1592 1430 1712 1491 Dei
1749 1451 1824 1491 ex
1853 1431 2036 1492 verbo
2064 1432 2251 1516 ipsius

503 1513 675 1574 nobis
705 1525 796 1574 est
814 1512 1235 1593 judicandum,
1258 1513 1418 1594 quod
1449 1524 1702 1574 testatur
1730 1514 1946 1574 liberos
1976 1514 2247 1576 fidelium

502 1617 631 1657 esse
675 1608 931 1670 sanctos,
961 1618 1080 1657 non
1127 1596 1372 1678 quidem
1420 1607 1650 1669 natura,
1680 1596 1782 1657 sed
1817 1598 2108 1658 beneflcio
2134 1598 2252 1659 foe-

502 1678 658 1739 deris
703 1679 967 1761 gratuiti,
1005 1679 1063 1739 in
1109 1701 1231 1760 quo
1274 1679 1361 1739 illi
1407 1699 1544 1739 cum
1590 1679 1937 1772 parentibus
1979 1695 2251 1763 compre-

504 1761 870 1834 henduntur,
899 1762 984 1845 pii
1015 1772 1289 1844 parentes
1324 1761 1400 1821 de
1442 1762 1736 1822 electione
1778 1774 1840 1822 et
1876 1762 2067 1823 salute
2112 1784 2250 1824 suo-

503 1864 634 1904 rum
680 1843 1022 1917 liberorum,
1051 1865 1206 1925 quos
1244 1843 1416 1904 Deus
1459 1843 1522 1904 in
1566 1843 1816 1905 infantia
1857 1865 1932 1906 ex
1973 1844 2088 1907 hac
2126 1844 2248 1906 vita

501 1939 728 1998 evocat,
756 1926 1030 1987 dubitare
1058 1948 1181 1986 non
1210 1925 1452 1987 debent.

582 2091 883 2152 Adversus
942 2090 1099 2151 banc
1154 2090 1427 2170 gratuitae
1489 2088 1797 2151 electionis
1859 2089 2132 2172 gratiam,
2184 2102 2248 2153 et

487 2175 671 2254 justae
714 2172 1147 2257 reprobationis
1190 2172 1587 2247 severitatem,
1615 2173 2096 2235 obmurmuranti
2136 2189 2247 2257 op-

499 2258 782 2340 ponimus
824 2256 939 2316 hoc
977 2256 1369 2338 apostolicum
1393 2279 1408 2316 ε
1461 2255 1521 2316 0
1546 2255 1717 2316 homo
1737 2257 1765 2315 l
1791 2262 1860 2317 lu
1888 2256 2026 2339 quis·
2052 2275 2116 2317 es
2140 2258 2249 2399 rud

501 2361 575 2400 ex
604 2339 856 2400 adverso
885 2359 1206 2420 responsas
1236 2339 1373 2399 Deo
1395 2339 1433 2398 9
1479 2338 1658 2398 Rom.
1687 2337 1767 2399 ix.
1801 2351 1897 2399 20.
1982 2337 2066 2399 Et
2094 2339 2133 2399 il
2164 2339 2245 2400 ud

500 2422 825 2483 Servatoris
858 2422 1061 2495 nostri,
1091 2422 1196 2482 An
1223 2443 1341 2482 non
1371 2420 1514 2482 licet
1540 2421 1691 2481 mihi
1709 2421 1872 2504 quod
1887 2420 2020 2482 volo
2014 2419 2248 2503 faeere

499 2505 562 2565 in
590 2506 795 2565 meis?
837 2504 1063 2564 Mattb.
1087 2525 1187 2564 xx.
1224 2516 1318 2565 15.
1351 2503 1486 2563 Nos
1515 2524 1653 2563 vero
1684 2503 1813 2563 haec
1841 2504 2126 2585 mysteria
2155 2525 2246 2565 re-

499 2586 710 2669 ligiose
732 2586 1060 2657 adorantes,
1079 2607 1216 2646 cum
1242 2585 1536 2667 Apostolo
1558 2585 1994 2646 exclamamus:
2029 2585 2244 2667 Ορω-

473 2668 866 2754 jimditatem
906 2668 1254 2730 divitiarum
1293 2676 1422 2729 tum
1461 2668 1770 2747 sapientioe
1797 2675 1926 2729 tum
1953 2670 2244 2765 cognitio-

498 2753 596 2813 nis
623 2752 751 2814 Dei
773 2754 801 2813 l
848 2751 1050 2816 Quam
1088 2750 1638 2832 imperscrutabilia
1665 2758 1811 2811 sunt
1838 2750 1968 2812 Dei
1973 2750 2241 2834 Judieia,

500 2843 559 2895 et
592 2834 724 2918 q‘us
755 2835 864 2895 vioe
893 2832 1471 2930 impervestigabiles
1490 2835 1518 2892 Ι
1565 2833 1724 2898 Quis
1761 2834 1919 2894 enim
1962 2835 2240 2918 cognovit

497 2925 752 2979 mentem
801 2915 1056 2978 Dommi
1083 2917 1120 2976 9
1176 2917 1312 2977 Aut
1358 2916 1494 2999 quis
1620 2914 1670 2976 it
1725 2916 1783 2976 ei
1830 2937 1870 2977 a
1917 2912 2182 2978 consiliis
2202 2918 2243 2978 9

499 3000 632 3062 Aut
659 2999 797 3084 quis
813 3000 993 3082 prior
1021 2998 1186 3061 dedit
1214 2999 1269 3060 ei
1296 3006 1367 3059 ut
1393 3019 1463 3059 re
1713 2999 1770 3059 ei
1792 3000 1831 3059 9
1870 2997 2038 3060 Nam
2059 3019 2136 3061 ex
2153 3020 2240 3075 eo,

499 3091 560 3144 et
591 3103 709 3165 per
750 3103 903 3156 eum,
932 3090 992 3143 ee
1028 3083 1090 3143 in
1131 3101 1266 3143 eum
1298 3090 1443 3143 sunt
1469 3081 1688 3143 omnia.
1772 3081 1905 3165 Ipsi
1927 3082 2012 3145 sit
2031 3081 2240 3167 gloria

498 3166 563 3227 in
588 3164 828 3228 saecula.
886 3165 1100 3228 Amen.
1149 3163 1329 3227 Rom.
1358 3165 1442 3226 xi.
1470 3163 1739 3227 :ss—36.

2405 1545 2418 1721 ἱ

2406 1727 2418 1918 ἔ

2381 1957 2418 3563 ’4
