2418 4172
531 349 1091 407 AUGUSTANA
1142 348 1514 402 MDxxxl.
1800 352 1904 405 155

165 497 346 569 dieat,
367 501 723 577 potestatem
760 491 906 572 ipsis
940 490 1147 551 datam
1178 510 1306 550 esse
1333 489 1417 550 ad
1439 487 1911 571 edificationem,

166 599 287 645 non
327 578 414 639 ad
450 573 930 638 destructionem.
1015 571 1142 632 Cur
1184 572 1367 653 igitur
1409 583 1631 654 augent
1668 585 1913 653 peecata

166 682 276 745 per
306 659 413 720 bas
443 655 827 720 traditiones?

250 741 478 803 Verum
524 749 733 801 extant
782 738 940 799 clara
995 735 1361 810 testimonia,
1405 757 1541 816 quoe
1592 735 1914 818 probibent

170 823 428 887 condere
471 823 617 884 tales
659 819 1007 882 traditiones
1037 819 1112 880 ad
1142 818 1599 902 promerendam
1643 819 1917 899 gratiam,

172 917 280 969 aut
317 918 420 967 tan
467 926 605 966 uam
651 902 1009 964 necessarias
1053 901 1127 964 ad
1172 901 1448 962 salutem.
1536 900 1754 960 Paulus
1797 901 1919 961 Co·

172 989 313 1050 loss.
341 988 403 1049 ii.
512 1008 639 1048 cmo
682 1007 785 1047 vos
802 984 1047 1068 judicet
1089 985 1154 1045 in
1197 984 1345 1058 cibo,
1374 991 1548 1064 potu,
1574 992 1759 1063 parte
1801 984 1920 1044 diei

146 1068 340 1154 sesti,
384 1069 689 1131 novilunio
750 1076 861 1129 aut
922 1067 1207 1130 sabbatis.
1295 1067 1495 1127 Item:
1561 1066 1633 1126 Si
1696 1067 1922 1127 mortui

174 1153 321 1216 estis
361 1174 497 1214 cum
542 1151 785 1213 Christo
824 1150 901 1212 ab
944 1150 1252 1212 elementis
1293 1149 1521 1222 mundi,
1550 1170 1743 1231 quare
1785 1156 1923 1209 tan-

174 1257 356 1320 quam
392 1236 659 1297 viventes
696 1235 761 1295 in
801 1234 1041 1307 mundo,
1071 1234 1314 1295 decreta
1319 1230 1552 1315 facitis
1574 1233 1611 1292 ,9
1651 1230 1799 1292 Non
1827 1239 1922 1292 at-

178 1319 404 1402 tingas,
431 1339 551 1379 non
586 1325 816 1400 gustes,
843 1339 963 1377 non
1006 1323 1355 1388 contrectes,
1382 1337 1510 1396 ques
1549 1316 1751 1375 omnia
1785 1336 1926 1395 per-

182 1409 327 1464 eumt
367 1422 506 1474 usu,
552 1409 610 1461 et
650 1407 793 1459 sunt
839 1399 1130 1460 mandata
1174 1406 1235 1459 et
1276 1398 1561 1459 doctrina:
1604 1397 1926 1471 hominum,

180 1506 311 1568 qum
358 1482 581 1544 habent
634 1482 890 1563 speciem
945 1482 1276 1562 sapientiae.
1362 1480 1543 1554 Item,
1586 1480 1658 1540 ad
1715 1480 1925 1540 Titum

182 1577 386 1662 aperte
404 1565 683 1647 prohibet
704 1563 1070 1636 traditiones,
1083 1563 1229 1624 Non
1246 1562 1627 1623 attendentes
1638 1562 1929 1623 Judaicis

213 1647 431 1718 abuelis,
460 1655 523 1707 et
562 1646 870 1707 mandatis
909 1646 1213 1706 hominum
1251 1646 1665 1705 aversantium
1698 1645 1930 1705 verita-

184 1738 324 1792 tem.
408 1727 494 1789 Et
542 1728 820 1788 Christus
878 1727 1107 1788 Matth.
1149 1747 1246 1786 xv.
1297 1726 1498 1806 inquit
1542 1725 1618 1785 de
1668 1725 1783 1798 his,
1826 1725 1931 1805 qui

184 1812 438 1894 exigunt
477 1809 862 1871 traditiones:
908 1810 1106 1870 Sinite
1146 1807 1304 1880 illos,
1334 1808 1480 1869 coeci
1518 1816 1680 1878 sunt,
1721 1815 1780 1867 et
1823 1807 1935 1868 du-

187 1916 285 1959 ca
331 1915 644 1956 coecorum.
726 1891 812 1952 Et
867 1892 950 1953 im
998 1893 1170 1952 robat
1215 1890 1364 1952 tales
1420 1890 1655 1951 cultus:
1720 1889 1936 1951 Omnis

179 1977 507 2061 plantatio,
535 1997 718 2058 quam
752 1996 874 2035 non
903 1997 949 2055 p
1015 1974 1210 2036 ntavit
1237 1972 1436 2035 Pater
1461 1995 1631 2035 meus
1659 1973 1936 2047 coelestis,

189 2059 621 2123 eradicabitur.

274 2142 340 2204 Si
369 2142 471 2222 jus
511 2141 740 2201 habent
767 2162 800 2200 e
847 2140 1033 2223 iscopi
1062 2139 1347 2201 onerandi
1377 2140 1655 2200 ecclesias
1683 2138 1936 2200 infinitis

192 2224 632 2293 traditionibus,
659 2234 723 2283 et
764 2223 803 2282 il
829 2222 1122 2303 aqueandi
1165 2222 1580 2296 conscientias,
1613 2244 1719 2283 cnr
1758 2221 1938 2282 toties

193 2307 475 2391 probibet
523 2306 815 2387 scriptura
869 2304 1124 2365 condere
1180 2316 1241 2365 et
1293 2304 1496 2365 audire
1551 2304 1939 2365 traditiones?

186 2411 306 2452 -eur
330 2400 504 2449 vocat
531 2410 629 2448 eas
658 2387 967 2448 doctrinas
994 2388 1415 2448 doemoniorum
1438 2389 1476 2447 ,9
1516 2387 1687 2447 Num
1722 2388 1942 2447 frustra

196 2472 329 2534 haec
348 2471 709 2554 praemonuit
730 2470 987 2552 Spiritus
1010 2470 1299 2531 Sanctus?
1330 2469 1718 2550 Relinquitur
1740 2469 1941 2550 igitur,

196 2576 341 2617 eum
367 2552 769 2614 ordinationes
798 2552 1085 2614 institutoe
1118 2564 1406 2633 tanquam
1447 2552 1810 2626 necessariae,
1839 2562 1944 2612 aut

198 2659 341 2700 enm
396 2635 680 2718 opinione
735 2634 1143 2718 promerendae
1200 2635 1422 2716 gratiae,
1470 2645 1745 2718 pugnent
1802 2656 1941 2694 cum

201 2719 531 2800 evangeliO,
558 2718 722 2799 quod
763 2740 884 2778 non
927 2718 1103 2779 liceat
1142 2718 1279 2779 ullis
1317 2717 1612 2800 episcopis
1642 2717 1790 2777 tales
1818 2717 1947 2778 cul-

204 2813 303 2863 tus
331 2800 640 2861 instituere
669 2811 774 2861 ant
801 2800 1056 2882 exigere.
1140 2800 1406 2861 Necesse
1441 2811 1531 2860 est
1563 2799 1725 2859 enim
1757 2799 1817 2858 in
1848 2822 1946 2860 ec-

205 2882 400 2945 clesiis
446 2881 684 2942 retineri
727 2882 1081 2957 doctrinam,
1122 2882 1198 2943 de
1249 2883 1522 2943 libertate
1570 2881 1945 2951 Christiana3

206 2964 369 3060 quod
411 2986 533 3023 non
577 2963 654 3024 sit
694 2966 1022 3025 necessaria
1065 2966 1313 3027 servitus
1358 2965 1505 3046 legis
1550 2962 1621 3024 ad
1655 2962 1950 3041 justifica-

207 3060 457 3120 tionem,
498 3045 654 3106 sicut
694 3046 754 3106 in
798 3046 1031 3123 Galatis
1079 3047 1371 3131 scriptum
1415 3058 1542 3107 est:
1586 3043 1800 3106 Nolite
1836 3046 1950 3106 ite-

207 3151 348 3191 rum
374 3127 542 3210 jugo
584 3129 894 3190 servitutis
939 3129 1173 3212 suffici.
1257 3129 1522 3191 Necesse
1572 3139 1662 3188 est
1712 3127 1950 3191 retineri

209 3210 582 3306 praecipuum
612 3211 902 3304 evangelii
933 3212 1154 3284 locum,
1176 3211 1339 3291 quod
1362 3211 1612 3292 gratiam
1637 3231 1743 3291 per
1765 3209 1947 3271 fldem

211 3316 274 3355 in
304 3293 614 3354 Christum
647 3305 827 3373 gratis
856 3314 1313 3374 consequamur,
1341 3314 1461 3352 non
1492 3303 1735 3374 propter
1762 3304 1951 3354 certas

210 3375 672 3448 observationes,
700 3385 803 3435 aut
831 3387 1074 3457 propter
1099 3375 1297 3436 cultus
1319 3376 1395 3434 ab
1418 3373 1764 3435 hominibus
1786 3374 1955 3437 insti-

213 3470 395 3521 tutos.

299 3538 464 3610 Quid
509 3539 690 3621 igitur
731 3537 1106 3599 sentiendum
1147 3549 1238 3599 est
1274 3535 1351 3598 de
1389 3536 1486 3599 die
1519 3536 1866 3615 Dominieo,
1892 3552 1955 3602 et

216 3622 511 3686 similibus
553 3621 764 3682 ritibus
807 3621 1214 3704 templorum?
1261 3620 1358 3682 Ad
1403 3619 1532 3683 haec
1573 3622 1954 3704 respondent,
2027 3682 2036 3687 -

1697 3774 1730 3787 f
