2418 4172
352 338 461 392 m:
503 337 1166 393 PERsEvERAN'mA
1208 323 1715 392 sANc'ronuM.
1848 340 1954 397 439

95 494 102 501 ”
207 489 329 572 ειη·
350 493 612 562 pereant.
697 480 877 549 Quod
916 480 1111 560 quoad
1152 481 1310 562 ipsos
1350 500 1470 540 non
1506 490 1739 539 tantum
1772 479 1946 541 facile

205 561 334 622 fieri
379 574 599 644 posset,
635 563 737 623 sed
782 576 844 623 et
887 562 1132 623 indubie
1176 563 1380 631 fieret3
1425 573 1695 642 respectu
1740 576 1939 623 autem

203 641 325 704 Dei
376 645 503 705 fieri
553 646 802 705 omnino
846 666 966 705 non
1015 655 1244 726 potest:
1290 664 1426 704 cum
1475 664 1584 703 nec
1627 644 1940 704 consilium

204 724 393 808 ipsius
423 727 661 798 mutari,
690 726 1007 808 promissio
1035 723 1329 796 excidere,
1350 723 1583 785 vocatio
1612 725 1941 785 secundum

203 809 576 890 propositum
629 807 909 879 revocari,
954 806 1179 867 Christi
1240 806 1542 877 meritum,
1587 805 1944 880 intercessi0,

203 901 266 950 et
292 889 564 951 custodia
591 889 753 949 irrita
786 887 971 960 reddi,
999 910 1112 948 nec
1141 887 1397 969 Spiritus
1427 887 1630 948 Sancti
1666 889 1943 970 obsigna-

203 970 290 1032 tio
317 971 646 1032 frustranea
676 969 802 1030 fieri
833 981 935 1031 aut
963 969 1142 1029 deleri
1174 967 1380 1052 possit.

202 1166 241 1189 -·
281 1133 384 1197 De
425 1135 542 1197 hac
581 1136 907 1196 electorum
952 1134 1025 1195 ad
1070 1134 1320 1195 salutern
1370 1133 1660 1206 custodia,
1689 1155 1944 1214 vereque

200 1216 473 1280 fidelium
519 1218 577 1278 in
619 1217 737 1278 fide
778 1217 1230 1300 perseverantia,
1261 1217 1372 1299 ipsi
1413 1216 1616 1277 fideles
1645 1217 1788 1277 certi
1818 1239 1945 1277 esse

154 1336 160 1343 ·
201 1311 475 1382 possunt,
501 1312 565 1361 et
604 1312 746 1361 sunt
787 1322 896 1383 pro
941 1322 1218 1360 mensura
1261 1299 1421 1373 fidei,
1454 1321 1572 1380 qua
1615 1311 1778 1359 certo
1820 1321 1945 1358 cre-

202 1381 358 1444 dunt
394 1405 458 1444 se
495 1405 624 1444 esse
662 1395 722 1443 et
835 1395 1047 1465 rpetuo
1077 1403 1386 1443 mansuros
1415 1403 1549 1442 vera
1579 1392 1639 1441 et
1667 1381 1799 1442 viva
1827 1381 1946 1442 Ec-

202 1463 398 1559 clesioe
427 1465 719 1547 membra,
793 1466 969 1526 abere
1002 1465 1409 1526 remissionem
1452 1475 1856 1547 peccatorum,
1884 1476 1946 1524 et

203 1559 388 1609 vitam
412 1557 719 1609 oeternam.
1031 1629 1096 1690 X

257 1712 371 1774 ·Ac
389 1712 641 1795 proinde
663 1711 795 1772 baec
819 1711 1114 1772 certitudo
1135 1733 1255 1771 non
1280 1722 1370 1772 est
1392 1732 1467 1771 ex
1492 1708 1774 1791 peculiari
1798 1730 1947 1789 qua-

201 1792 343 1856 dam
387 1794 747 1858 revelatione
783 1805 1000 1876 praeter
1032 1805 1137 1853 aut
1163 1804 1332 1854 extra
1360 1793 1607 1852 verbum
1639 1791 1825 1861 facta,
1844 1790 1947 1852 sed

202 1896 280 1938 ex
306 1875 427 1937 fide
459 1876 923 1970 promissionum
954 1875 1096 1947 Dei,
1125 1897 1273 1955 quas
1304 1874 1367 1935 in
1396 1876 1577 1934 verbo
1607 1896 1715 1933 suo
1743 1863 1944 1955 c'opio-

201 1958 435 2021 tissime
457 1980 518 2019 in
542 1970 813 2019 nostrum
840 1958 1119 2018 solatium
1144 1957 1423 2017 revelavit
1444 1980 1462 2016 t
1503 1978 1576 2016 ex
1601 1956 1947 2016 testimonio

302 2041 477 2102 ’ritus
506 2040 717 2101 Sancti
744 2041 1025 2101 testantis
1045 2061 1179 2099 cum
1200 2040 1437 2119 spiritu-
1453 2046 1658 2098 nostro
1687 2060 1793 2099 nos
1820 2059 1947 2098 esse

266 2120 535 2204 ,dfilios
577 2130 638 2183 et
678 2122 958 2183 heredes.
999 2121 1178 2182 Rom.
1208 2121 1328 2181 viii.
1369 2119 1460 2181 16.
1545 2119 1828 2200 Denique
1868 2141 1946 2179 ex

205 2206 359 2267 serio
399 2216 460 2265 et
502 2216 709 2265 sancto
754 2206 925 2265 bonoe
968 2203 1344 2265 conscientiae
1376 2215 1437 2263 et
1467 2203 1759 2263 bonorum
1803 2223 1947 2283 ope-

203 2309 336 2351 rum
367 2286 582 2348 studio.
667 2288 871 2367 Atque
914 2286 1030 2347 hoc
1072 2285 1261 2346 solido
1302 2284 1644 2346 obtinendoe
1687 2282 1946 2344 victoriae

203 2370 436 2445 solatio,
462 2381 524 2430 et
567 2369 864 2429 infallibili
908 2380 1142 2429 oeternae
1185 2368 1386 2450 gloriae
1430 2367 1621 2440 arrha,
1651 2366 1700 2427 si
1737 2365 1800 2427 in
1830 2365 1947 2426 hoc

206 2451 435 2514 mundo
461 2451 637 2512 electi
658 2451 780 2512 Dei
809 2451 1292 2525 destituerentur,
1319 2450 1592 2511 omnium
1628 2448 1943 2509 hominum

200 2546 401 2597 essent
428 2533 764 2596 miserrimi.

288 2702 543 2774 Interim
571 2711 824 2763 testatur
850 2699 1159 2781 Scriptura
1189 2697 1392 2759 fideles
1423 2698 1483 2757 in
1515 2698 1627 2758 bac
1656 2697 1777 2756 vita
1805 2717 1944 2755 cum

204 2785 379 2847 variis
421 2784 613 2846 carnis
655 2781 1131 2844 dubitationibus
1174 2779 1520 2853 conflictari,
1562 2791 1624 2839 et
1670 2779 1731 2838 in
1783 2776 1945 2859 gravi

200 2867 539 2929 tentatione
585 2866 942 2927 constitutos
991 2864 1148 2924 hanc
1191 2862 1328 2922 fidei
1373 2860 1834 2943 plerophoriam,
1877 2881 1947 2920 ac

205 2949 655 3034 perseverantiae
685 2946 1126 3020 certitudinem,
1149 2968 1267 3006 non
1291 2966 1527 3025 semper
1547 2942 1783 3003 sentire.
1827 2941 1948 3001 Ve-

203 3054 357 3095 rum;
387 3033 578 3102 Deus,
618 3029 1029 3091 Patet-*omnis
1072 3026 1512 3100 consolationis,
1553 3046 1741 3106 supra
1787 3025 1949 3085 vires

204 3116 435 3177 tentari
450 3119 681 3176 eosnon
702 3113 868 3186 sinit,
886 3111 995 3172 sed
1018 3133 1151 3173 cum
1181 3109 1514 3171 tentatione
1532 3114 1790 3189 praestat
1811 3127 1949 3168 eva-

201 3199 446 3258 sionem.
484 3210 508 3257 1
533 3196 672 3256 Cor.
693 3216 748 3255 x.
774 3206 868 3256 13.
934 3194 1026 3254 Ac
1052 3216 1158 3277 per
1178 3193 1469 3274 Spiritum
1501 3191 1788 3252 Sanctum
1816 3210 1948 3271 per-

206 3278 545 3340 severantioe
573 3276 993 3338 certitudinem
1026 3277 1088 3336 in
1119 3275 1328 3336 iisdem
1360 3295 1592 3335 rursum
1624 3273 1863 3333 excitat.

291 3444 558 3504 Tantum
591 3451 791 3502 autem
826 3442 1014 3513 abest,
1037 3443 1110 3500 'ut
1140 3439 1267 3500 baec
1296 3436 1743 3522 perseverantiae
1777 3436 1949 3497 certi-

207 3526 359 3588 tudo
387 3548 523 3586 vere
553 3523 756 3585 fideles
786 3524 1089 3607 superbos,
1115 3533 1177 3583 et
1203 3521 1515 3583 carnaliter
1542 3541 1779 3581 securos
1815 3517 1947 3580 red-

207 3608 333 3683 dat,
375 3622 442 3671 ut
491 3632 525 3668 e
582 3607 877 3668 contrario
924 3604 1298 3747 ὴυωίἐὶῐειῑίε,
1347 3603 1543 3665 filialis
1592 3601 1949 3674 reverentiae,
2006 3648 2014 3653 -

1016 3707 1050 3748 F
1132 3700 1166 3747 4
1612 3706 1675 3747 ’κ
