2418 4172
443 330 549 386 166
1078 329 1559 385 CONFESSIO

445 496 587 535 cum
632 483 867 534 tantum
921 495 1102 533 unam
1148 473 1470 534 Personam
1515 494 1643 533 esse
1688 472 2078 547 contendant,
2118 470 2195 532 de

445 556 647 617 Verbo
685 566 746 616 et
788 555 862 616 de
891 555 1119 638 Spiritu
1150 557 1375 617 Sancto
1406 566 1601 616 astute
1634 567 1697 615 et
1727 555 1913 638 impie
1942 554 2198 617 rhetori-

447 649 678 712 cantur,
703 637 863 719 quod
908 660 1028 699 non
1069 638 1192 699 sint
1221 639 1499 699 Personae
1542 635 1861 712 distinctoe,
1887 637 1992 699 sed
2034 635 2198 719 quod

445 720 715 782 Verbum
743 720 1043 803 significet
1068 721 1316 782 verbum
1343 720 1567 795 vocale,
1588 730 1649 782 et
1678 719 1937 804 Spiritus
1961 732 2196 781 motum

449 805 510 864 in
543 804 719 864 rebus
748 817 1035 864 creatum.

1279 944 1364 1004 11.

454 1027 690 1108 ITEM
735 1047 974 1119 docent,
1002 1042 1165 1125 quod
1206 1056 1343 1127 post
1381 1045 1618 1126 lapsum
1648 1043 1821 1119 Adae,
1848 1066 2059 1106 omnes
2089 1045 2200 1107 ho·

449 1130 642 1191 mines
687 1128 939 1189 naturali
985 1126 1167 1186 modo
1211 1126 1543 1268 prolpagati,
1583 1139 1895 1188 nascentes
1940 1127 2203 1189 habeant

450 1223 765 1294 peecatum
798 1208 1081 1289 originis.
1168 1208 1305 1268 Inte
1355 1208 1574 1290 igimus
1623 1221 1825 1270 autem
1883 1221 2200 1293 peccatum

451 1294 716 1375 originis,
746 1292 906 1372 quod
938 1292 1022 1351 sic
1052 1302 1269 1351 vocant
1298 1290 1486 1351 sancti
1517 1301 1735 1373 patres,
1765 1302 1828 1352 et
1862 1314 2074 1354 omnes
2107 1314 2203 1353 or-

451 1375 701 1437 thodoxi
747 1385 807 1434 et
851 1374 949 1456 pie
992 1372 1206 1434 eruditi
1248 1373 1310 1433 in
1350 1373 1617 1447 ecclesia,
1645 1373 1924 1437 videlicet
1948 1386 2202 1449 reatum,

452 1481 573 1539 quo
605 1469 915 1517 nascentes
945 1467 1189 1538 propter
1215 1454 1365 1517 Adae
1396 1457 1653 1538 lapsum,
1676 1457 1756 1517 rei
1790 1469 1931 1518 sunt
1959 1457 2059 1519 irae
2080 1456 2200 1519 Dei

451 1554 512 1601 et
557 1540 763 1600 mortis
807 1550 1063 1611 aeternae,
1092 1551 1154 1599 et
1191 1539 1385 1622 ipsam
1426 1540 1872 1621 corruptionem
1918 1540 2202 1602 humanae

453 1636 678 1684 naturae
707 1632 1097 1704 propagatam
1133 1623 1207 1682 ab
1236 1621 1455 1682 Adam.
1541 1621 1627 1682 Et
1667 1623 1797 1684 baec
1832 1635 2059 1685 naturae
2091 1622 2204 1683 hu-

453 1728 646 1766 manae
692 1704 1013 1786 corruptio,
1054 1702 1323 1765 defectus
1359 1703 1634 1784 justitiae,
1675 1727 1780 1765 seu
1824 1704 2203 1787 integritatis,

452 1810 554 1848 seu
599 1786 955 1847 obedientiae
997 1785 1320 1868 originalis,
1348 1798 1410 1847 et
1449 1786 2001 1869 concupiscentiam
2037 1809 2204 1850 com-

452 1870 754 1953 plectitur.
1181 1899 1185 1905 ·

531 1952 766 2033 Estque
793 1950 1062 2012 defectus
1093 1949 1393 2011 horribilis
1421 1948 1657 2012 eoecitas
1686 1961 1748 2012 et
1775 1950 2203 2027 inobedientia,

453 2035 679 2096 scilicet
722 2055 919 2095 carere
970 2033 1072 2093 illa
1120 2033 1255 2093 luce
1298 2054 1367 2093 ac
1409 2032 1624 2094 notitia
1661 2033 1804 2107 Dei,
1833 2055 1970 2115 quae
2010 2033 2204 2095 fuerat

453 2118 655 2179 futura
685 2117 745 2176 in
777 2127 987 2176 natura
1015 2115 1265 2196 integra,
1294 2115 1438 2176 item
1472 2137 1669 2185 carere
1698 2116 1798 2176 illa
1826 2115 2203 2188 rectitudine,

454 2200 570 2261 hoc
612 2211 722 2272 est,
759 2208 1050 2281 perpetua
1091 2196 1450 2269 obedientia,
1479 2220 1636 2271 vera,
1665 2219 1818 2293 pura
1848 2220 1925 2261 ac
1962 2218 2205 2263 suma

452 2282 774 2345 dilectione
814 2280 974 2355 Dei„
997 2292 1059 2342 et
1107 2280 1402 2342 similibus
1450 2278 1624 2342 donis
1667 2292 1915 2364 mtegroe
1957 2292 2203 2344 namne.

454 2367 656 2435 Quare
685 2364 955 2426 defectus
986 2363 1070 2423 illi
1094 2375 1163 2424 -et
1190 2362 1695 2446 concupiscentia,
1721 2376 1866 2425 sunt
1903 2386 1996 2427 res
2032 2363 2203 2427 dam-

455 2459 615 2523 nata,
652 2459 713 2508 et
762 2469 868 2507 sua
916 2456 1127 2507 natura
1176 2444 1361 2528 digna
1411 2457 1620 2507 morte.
1705 2446 1940 2528 Estque
1985 2445 2200 2509 vitium

454 2529 699 2612 originis
745 2550 881 2588 vere
929 2539 1269 2611 peccatum,
1309 2527 1604 2591 damnans
1645 2540 1708 2590 et
1747 2530 1998 2591 afferens
2038 2550 2203 2592 nunc

455 2634 697 2694 quoque
734 2623 1018 2672 aeternam
1063 2622 1341 2686 mortem,
1371 2611 1483 2685 his,
1512 2611 1615 2692 qui
1657 2633 1778 2674 non
1813 2623 2205 2675 renascuntur

455 2717 572 2778 per>
593 2695 963 2777 baptismum
993 2706 1056 2755 et
1081 2694 1374 2777 Spiritum
1405 2694 1719 2756 Sanctum.

536 2778 856 2839 Damnant
902 2777 1273 2860 Pelagianos,
1314 2777 1418 2858 qui
1463 2789 1699 2859 negant·
1727 2788 2044 2860 peccatum
2086 2776 2205 2840 ori·

455 2860 631 2942 ginis,
659 2871 721 2921 et
750 2859 1020 2921 sentiunt
1046 2860 1317 2922 defectus
1347 2860 1480 2921 illos
1510 2883 1614 2922 seu
1649 2859 2199 2944 concupiscentiam

457 2966 583 3004 esse
613 2966 705 3005 res
733 2941 1134 3004 indifferentes
1164 2965 1269 3004 seu
1298 2965 1512 3026 poenas
1534 2954 1792 3018 tantum,
1813 2966 1927 3006 nec
1952 2966 2085 3007 esse
2108 2963 2203 3004 res

455 3050 562 3089 sua
592 3038 801 3087 natura
828 3025 1161 3101 damnatas,
1181 3039 1242 3088 et
1270 3025 1911 3091 somniant.hominem
1941 3026 2060 3111 legi
2082 3025 2202 3090 Dei

458 3109 795 3171 satisfacere
820 3131 1014 3192 posse,
1042 3121 1105 3170 et
1131 3120 1376 3192 propter
1404 3109 1561 3171 hanc
1589 3110 1894 3193 propriam
1922 3106 2204 3172 obedien·

460 3193 602 3253 tiam
634 3214 838 3255 coram
867 3191 1006 3254 Deo
1023 3192 1256 3273 justum
1290 3192 1688 3276 pronunciari.

1268 3335 1390 3400 111.

469 3417 699 3501 ITEM
724 3439 963 3516 docent,
982 3440 1143 3524 quod
1169 3440 1456 3517 Verbum,
1473 3441 1590 3505 boo
1617 3453 1711 3504 est
1736 3439 1928 3503 Filius
1945 3397 2086 3512 boi,
2105 3460 2199 3501 as·

464 3523 787 3613 sumpserit
813 3523 1145 3586 humanam
1178 3535 1451 3587 naturam
1483 3524 1544 3586 in
1575 3535 1746 3588 utem
1774 3519 2198 3584 beatu-Mariae

465 3600 747 3685 Virginis,
778 3617 843 3666 ut
881 3605 1002 3668 sint
1038 3606 1176 3668 duae
1217 3616 1462 3679 naturae,
1490 3605 1691 3670 divina
1722 3615 1783 3666 et
1822 3603 2106 3678 bumana,
2133 3603 2196 3666 in

2411 1790 2413 1794 .
2394 1706 2411 1785 A
2394 1650 2410 1702 οὔ
2400 1581 2413 1606 ῃ
