2418 4172
41 2487 46 2491 ’
158 2487 197 2517 “
223 2480 507 2542 omnibus
549 2493 797 2563 peccata
840 2481 1246 2551 inveniuntur,
1276 2494 1545 2542 remanet
1582 2505 1703 2564 quo

808 355 1279 410 sAonICA.
1795 360 1903 414 255

161 498 342 562 dooe-
398 497 730 568 hominem‚
783 497 1185 560 dubitandum
1244 519 1373 559 esse
1427 495 1503 557 de
1562 500 1906 563 remissione

345 591 565 654 torum,
606 582 810 642 vincet
857 580 1046 656 dolor,
1085 595 1148 642 et
1204 590 1530 662 sequentur
1581 580 1903 644 tristissimi

251 662 434 724 mitus
490 663 769 725 adversus
828 664 1055 738 Deum,
1112 675 1175 724 et
1228 661 1583 746 desperatio,
1628 673 1691 723 et
1746 686 1907 725 mors

157 756 401 807 aeterna.
486 744 605 807 Sed
636 747 685 805 si
716 747 948 820 doceas,
978 746 1096 806 fide
1126 744 1481 805 vincendam
1512 766 1640 805 esse
1668 744 1909 808 dubita-

157 827 407 903 tionem,
448 827 745 908 intelliget
781 827 914 908 jam
963 827 1256 889 vocabulo
1394 828 1452 888 ei
1495 850 1615 888 non
1669 840 1906 890 tanturn

157 911 206 973 si
294 910 479 972 ificari
508 910 784 971 notitiam
826 910 1112 983 historiae,
1142 909 1283 970 intel
1315 911 1437 991 iget
1476 909 1759 971 fiduciam
1798 913 1907 972 niti

157 933 291 1055 ιοῗ)ι
329 991 687 1067 Mediatore,
727 993 1027 1076 intelliget
1071 992 1217 1075 quid
1267 991 1502 1054 dicatur
1554 993 1646 1054 his
1697 995 1910 1069 verbis,

158 1074 364 1140 Gratis
407 1087 652 1159 propter
695 1075 1098 1138 Mediatorem
1144 1075 1269 1137 sola
1312 1075 1433 1136 fide
1475 1076 1767 1160 accipitur
1819 1100 1909 1138 re-

157 1158 383 1233 missio,
409 1171 471 1219 et
499 1158 696 1242 placet
722 1181 993 1242 persona.

242 1240 400 1304 Hoec
442 1241 605 1302 lucta
646 1242 932 1302 omnibus
977 1242 1351 1336 temporibus
1399 1242 1631 1322 aliquos
1673 1242 1911 1315 erudiit,

159 1337 232 1388 ut
256 1324 364 1385 has
392 1346 559 1385 veras
588 1324 1024 1386 consolationes
1050 1325 1253 1418 aliquo
1283 1323 1465 1385 modo
1491 1324 1910 1408 intelligerent.

159 1406 294 1470 Etsi
337 1407 499 1468 enim
541 1407 855 1489 Origenes,
884 1420 945 1468 et
989 1409 1163 1469 multi
1210 1408 1524 1490 scriptores
1566 1421 1629 1469 et
1672 1419 1912 1469 senten-

158 1489 337 1566 tiarii,
366 1488 525 1550 aliud
571 1512 763 1572 genus
797 1489 1084 1552 doctrinae
1120 1491 1481 1551 insincerum
1515 1503 1910 1575 pepereruntt

157 1585 364 1636 tamen
408 1572 468 1632 in
513 1572 876 1654 Augustino,
917 1587 979 1634 et
1021 1573 1151 1634 aliis
1198 1573 1585 1654 quibusdam,
1629 1575 1913 1655 leguntur

160 1654 323 1725 dicta
351 1676 486 1735 quae
514 1653 860 1728 ostendunt,
888 1677 991 1715 eos
1019 1676 1094 1716 ex
1125 1655 1218 1715 his
1247 1656 1400 1715 veris
1429 1655 1698 1717 fontibus
1725 1657 1909 1717 etiam

159 1736 428 1799 hausisse
455 1736 912 1796 consolationes.

242 1818 611 1911 Quanquam
642 1829 844 1879 autem
876 1818 1178 1879 interdum
1210 1817 1536 1901 improprie
1563 1818 1912 1900 loquuntur,

157 1912 265 1966 aut
316 1899 634 1962 dissimilia
689 1900 919 1977 dicunt,
961 1902 1105 1982 quia
1147 1901 1207 1961 in
1251 1901 1553 1982 loquendo
1603 1902 1913 1985 negligen-

158 1984 338 2045 tiores
387 1982 663 2044 fuerunt:
712 1996 915 2044 tamen
960 2006 1094 2065 quae
1141 1984 1323 2044 fuerit
1366 2006 1573 2044 eorum
1620 1997 1912 2069 perpetua

161 2066 477 2141 sententia,
521 2066 568 2127 si
621 2066 830 2127 dextre
869 2066 1143 2146 judicare
1192 2067 1471 2128 volumus
1518 2068 1911 2130 animadverti

159 2160 379 2232 potest.
463 2150 839 2230 Augustinus
906 2150 966 2209 in
1026 2150 1180 2210 Psal.
1225 2149 1391 2210 xxxi.
1450 2150 1668 2230 inquit,
1724 2152 1910 2221 “Qui

161 2241 199 2269 ‘⁶
229 2244 371 2294 sunt
413 2232 615 2293 beati?
660 2255 779 2293 non
825 2232 932 2305 illi,
962 2233 1021 2292 in
1063 2232 1282 2314 quibus
1317 2255 1438 2292 non
1470 2233 1738 2294 inveniet
1772 2257 1912 2317 pec-

159 2323 394 2376 “cataz
462 2337 604 2376 nam
663 2315 722 2376 in
790 2315 1073 2375 omnibus
1132 2314 1377 2375 invenit.
1473 2316 1696 2377 Omnes
1753 2318 1912 2378 enim

159 2405 198 2434 “
218 2406 641 2480 peccaverunt,
689 2406 748 2459 et
797 2406 1037 2491 carent·
1052 2396 1262 2482 gloria
1305 2398 1452 2458 Dei.
1538 2399 1601 2460 Si
1656 2422 1799 2542 ergo
1849 2400 1910 2460 in

1790 2505 1911 2542 non

158 2571 199 2609 ‘⁶
228 2575 371 2625 sunt
427 2564 605 2638 beati,
655 2564 767 2624 nisi
825 2585 1084 2647 quorum
1142 2564 1391 2624 remissa
1446 2577 1589 2626 sunt
1643 2576 1911 2649 peccata.

159 2654 197 2683 “
227 2646 371 2708 Hoc
412 2669 554 2729 ergo
597 2647 901 2728 apostolus
949 2647 1035 2708 sic
1086 2646 1567 2708 commendavit:
1636 2649 1914 2709 Credidit

161 2735 200 2764 “
229 2729 546 2790 Abraham
572 2729 730 2803 Deo,
759 2739 820 2791 et
855 2732 1223 2811 imputatum
1252 2738 1344 2791 est
1372 2731 1429 2791 ei
1456 2732 1914 2813 adjustitiam?

166 2809 296 2871 Hic
321 2823 481 2872 certe
509 2812 887 2894 Augustinus
915 2813 1099 2874 fidem
1130 2813 1415 2895 intelligit
1442 2814 1748 2887 fiduciam,
1778 2836 1912 2893 quae

165 2892 386 2976 accipit
426 2894 837 2956 remissionem
882 2907 1304 2978 peccatorum:
1349 2908 1410 2956 et
1453 2896 1614 2976 quod
1659 2908 1750 2956 est
1788 2895 1914 2957 dic-

165 2986 319 3060 tum,
342 2975 404 3036 in
444 2976 687 3051 Genesi,
715 2988 778 3038 et
818 2978 882 3038 in
911 2979 1120 3052 Paule,
1149 3001 1389 3062 prorsus
1432 2978 1716 3059 intelligit
1758 2979 1914 3039 sicut

165 3060 1912 3205 ἷῖοὲξῗέ““ῗῖ“ὲῗὲωἕίῗεῖἓὸἓῖήὲᾟέἱὲῗῗῧ3ῗέῗᾶ

163 3230 201 3260 “
233 3162 747 3285 miserigrdiam?
815 3190 1155 3287 Bernardiis
1206 3227 1270 3287 in
1322 3166 1634 3288 concioneg
1665 3226 1740 3286 de
1785 3227 1915 3287 An·

165 3305 595 3469 ἲᾚῖῗῇξὲἓᾶ
638 3306 1106 3450 Ξῗῗὲῗὲῗιὶξῑ
1155 3308 1747 3452 {Zfflmmfflssssssss
1790 3330 1915 3452 32²5

374 3434 391 3461 9

163 3478 202 3509 “
228 3471 443 3555 possis,
472 3472 582 3532 nisi
629 3493 737 3554 per
779 3413 1212 3554 indulgentiiiem
1257 3472 1398 3533 Dei.
1484 3472 1603 3534 Sed
1648 3472 1819 3549 adde,
1844 3485 1916 3536 ut

166 3561 205 3606 ἕ*
231 3553 436 3617 eredas
465 3566 528 3615 et
557 3555 691 3628 hoc,
718 3554 882 3636 quod
911 3577 1019 3638 per
1045 3555 1245 3637 ipsum
1276 3566 1522 3639 peccata
1550 3556 1660 3618 tibi
1687 3555 1916 3619 donan-

166 3642 205 3673 “
231 3647 346 3700 tur.
431 3638 575 3700 Hoc
601 3649 694 3699 est
721 3637 1134 3700 testimonium
1164 3637 1327 3719 quod
1355 3638 1635 3722 perhibet
1657 3639 1914 3723 Spiritus
2018 3685 2026 3689 -

1654 3770 1687 3785 f
