2418 4172
549 372 656 427 426
694 374 776 426 11.
815 372 1097 427 DOCTR.
1137 373 1425 438 CAPUT,
1463 373 1571 427 DE
1610 373 2205 432 REDEMPTIONE.

547 536 686 597 quae
728 537 835 598 per
863 525 1116 575 mortem
1148 514 1371 574 Christi
1418 515 1838 596 acquiruntur;
1882 517 2044 597 quod
2078 532 2279 579 autem

546 597 791 678 quidam
830 619 950 680 prae
990 596 1117 657 aliis
1155 596 1362 679 partici
1446 619 1472 655 s
1502 597 1651 657 flant
1680 597 2042 659 remissionis
2070 621 2283 681 pecca-

545 691 767 751 torum,
795 691 856 740 et
886 679 1026 739 vitae
1069 689 1323 753 internae,
1350 618 1670 739 ‹liger-imeri
1715 679 1861 739 illud
1984 679 2164 741 ndere
2203 702 2280 743 ex

543 761 733 823 libero
759 783 963 822 eorum
997 761 1255 835 arbitri0,
1283 784 1345 821 se
1374 761 1447 821 ad
1471 762 1721 843 gratiam
1752 761 1875 822 indi
1920 774 2152 823 erenter
2175 764 2283 824 ob-

544 844 726 905 latam
759 843 1114 926 applicante,
1144 866 1262 903 non
1293 856 1493 904 autem
1525 866 1597 903 ex
1639 843 1919 924 singulari
1952 843 2284 906 misericor-

542 926 657 987 diae
705 926 885 999 dono,
925 925 1239 986 efficaciter
1281 926 1341 986 in
1386 925 1500 985 illis
1543 948 1580 986 o
1624 938 1843 999 erante,
1879 937 1947 985 ut
1988 948 2108 1008 prae
2151 925 2281 988 aliis

542 1009 795 1090 gratiam
826 1008 991 1068 illam
1025 1008 1136 1068 sibi
1169 1008 1493 1090 applicent.
1640 1030 1736 1068 am
1769 1008 1885 1082 isti,
1913 1008 2059 1069 dum
2091 1008 2279 1070 simu·

543 1090 671 1151 lant
720 1113 782 1150 se
833 1089 1276 1149 distinctionem
1327 1090 1482 1149 banc
1527 1111 1672 1150 sano
1714 1112 1889 1150 sensu
1932 1112 2282 1173 proponere,

541 1172 767 1254 populo
815 1170 1214 1263 perniciosum
1256 1171 1677 1253 pelagianismi
1712 1193 2009 1232 venenum
2059 1194 2281 1234 conan-

541 1265 639 1314 tur
667 1274 997 1335 propinare.

1335 1334 1480 1396 VII.

622 1418 743 1487 Qui
774 1417 1013 1491 docent,
1042 1424 1079 1453 “
1096 1417 1460 1490 Cumarum,
1483 1438 1593 1500 pro
1622 1418 1713 1491 iis,
1735 1439 1887 1498 quos
1908 1419 2089 1479 Dssus
2115 1440 2278 1480 sum-

537 1509 573 1538 “
603 1523 701 1561 me
745 1499 975 1574 dilexit,
1004 1511 1066 1561 et
1109 1499 1183 1561 ad
1213 1499 1398 1560 vitam
1438 1512 1722 1561 aeternam
1753 1499 1955 1581 elegit,
1982 1501 2135 1562 mori
2166 1522 2277 1564 nec

536 1591 575 1619 “
605 1583 887 1665 potuisse,
932 1605 1043 1643 nec
1089 1582 1386 1654 debuisse,
1430 1605 1542 1643 nec
1588 1594 1895 1643 mortuum
1943 1604 2090 1657 esse,
2133 1605 2274 1645 cum

537 1674 574 1702 “
604 1666 823 1726 talibus
867 1676 1060 1725 morte
1089 1665 1357 1725 CHRISTI
1390 1686 1509 1725 non
1558 1665 1634 1724 sit
1676 1665 1880 1746 opus.”
1962 1664 2278 1727 Contradi-

535 1761 682 1809 cunt
710 1748 869 1807 enim
897 1747 1191 1828 Apostolo
1219 1746 1476 1807 dicenti:
1526 1747 1809 1807 Christus
1836 1745 2046 1808 dilevit
2071 1769 2186 1822 me,
2215 1757 2276 1809 et

536 1830 796 1891 tradidit
821 1830 1082 1909 seipsum
1103 1850 1223 1909 pro
1251 1850 1363 1889 me.
1409 1829 1607 1889 Galat.
1636 1829 1697 1888 ii.
1727 1849 1876 1889 vers.
1907 1841 2006 1889 20.
2092 1830 2275 1904 Item,

540 1913 701 1978 Quis
730 1920 836 1985 est,
857 1912 964 2007 qui
985 1912 1242 1971 crimina
1271 1911 1528 1971 intentet
1555 1910 1846 1971 adversus
1873 1909 2092 1972 electos
2110 1911 2272 1973 Dm?

532 1994 718 2055 Deus
749 2001 838 2054 est
867 2015 938 2067 ts,
954 1990 1405 2075 quijustvficat.
1442 1992 1603 2056 Quis
1630 2000 1721 2057 est,
1746 1992 1855 2074 qui
1874 1992 2275 2056 condemnet?

533 2076 855 2137 Cmus‘rus
886 2082 994 2150 est,
1021 2077 1130 2157 qui
1155 2083 1432 2136 mortuus
1460 2082 1567 2148 est,
1596 2073 2011 2135 Romanorum
2032 2075 2151 2137 viii.
2169 2085 2274 2152 33,

529 2170 631 2220 34.
685 2157 991 2232 nimirum,
1039 2178 1149 2240 pro
1199 2157 1334 2217 illis.
1419 2157 1503 2218 Et
1550 2156 1839 2217 Salvatori
1897 2158 2274 2235 asseveranti,

531 2241 672 2324 Ego
691 2262 848 2322 pono
877 2241 1144 2301 animam
1180 2261 1374 2301 meam
1394 2261 1511 2321 pro
1539 2239 1747 2300 ovibus
1771 2239 1939 2316 meis,
1963 2239 2189 2302 Johan.
2210 2261 2270 2303 x.

530 2345 678 2384 vers.
715 2336 807 2386 15.
894 2323 995 2397 Et,
1024 2322 1164 2384 Hoc
1191 2331 1281 2384 est
1308 2330 1676 2403 praeceptum
1703 2343 1920 2396 meum,
1948 2330 2020 2383 ut
2047 2322 2113 2383 da·
2146 2324 2162 2338 ⁸

530 2406 613 2467 tis
640 2405 753 2467 alii
780 2405 953 2480 aliosi,
978 2406 1141 2467 sicut
1183 2427 1294 2488 ego
1334 2404 1521 2467 dilexi
1554 2427 1675 2467 vos.
1740 2403 2045 2488 quorem
2138 2406 2153 2420 ⁹

530 2489 749 2550 tionem
781 2510 962 2566 vnemo
1003 2489 1198 2563 habet,
1226 2510 1409 2571 quam
1450 2496 1521 2548 ut
1552 2496 1747 2569 ponat
1787 2488 2052 2548 animam
2091 2508 2266 2549 sum

522 2592 639 2652 pro
668 2572 895 2632 amicis,
979 2570 1203 2632 Joban.
1234 2591 1331 2630 xv.
1361 2591 1507 2630 vers·
1545 2581 1637 2643 12,
1668 2581 1760 2630 13.

598 2816 789 2913 ‘Huic
825 2818 1013 2899 capiti
1054 2816 1258 2878 eadem
1292 2839 1422 2900 quoe
1457 2818 1637 2898 prim
1672 2816 2135 2878 subscribuntur
2158 2838 2264 2877 no-

527 2921 708 2961 mma.
