2418 4172
457 352 565 409 164
1082 351 1574 409 PRAEFATIO.

541 495 619 557 In
657 507 940 560 eventum
980 518 1124 579 ergo
1161 496 1367 572 talem,
1396 495 1557 579 quod
1588 496 1649 556 in
1681 517 1860 558 causa
1895 496 2201 579 religionis

457 577 854 643 dissensiones
878 580 1032 640 inter
1054 601 1162 640 nos
1192 591 1255 640 et
1281 591 1478 663 partes
1509 579 1720 652 amice,
1739 589 1803 639 et
1824 578 1884 639 in
1908 579 2202 640 charitate

456 683 576 723 non
609 661 831 723 fuerint
858 662 1228 745 compositae,
1259 674 1406 724 tunc
1435 685 1635 724 coram
1665 661 1742 721 V.
1775 660 1847 722 C.
1878 661 1971 723 M.
2003 661 2103 723 hic
2137 662 2200 722 in

458 744 625 805 omni
669 744 1010 806 obedientia
1052 767 1160 806 nos
1202 745 1524 819 offerimus,
1565 766 1641 806 ex
1693 767 1761 804 su
1842 743 2202 806 rabundanti

458 828 912 909 comparituros‚
950 838 1012 888 et
1045 849 1284 889 causam
1316 827 1582 889 dicturos
1612 828 1674 887 in
1706 766 2102 910 taliegenemli
2133 826 2196 887 li·

457 910 603 971 bero
645 922 705 970 et
739 910 1085 971 Christiano
1123 909 1397 983 concilio,
1424 910 1500 970 de
1527 932 1649 991 quo
1680 908 2102 991 congregando
2140 908 2203 969 in

457 992 741 1053 omnibus
789 992 1050 1054 comitiis
1100 991 1530 1075 imperialibus,
1556 1013 1692 1071 quae
1740 990 1988 1071 quidem
2034 991 2205 1052 annis

458 1074 695 1157 imperii
725 1074 799 1135 V.
829 1074 902 1135 C.-
924 1074 1017 1134 M.
1042 1073 1250 1134 habita
1271 1085 1411 1134 sunt
1433 1095 1540 1156 per
1560 1073 1864 1143 electores,
1888 1071 2206 1156 principes,

458 1167 521 1219 et
568 1157 826 1238 reliquos
875 1167 1064 1216 status
1108 1155 1367 1238 imperii,
1409 1176 1647 1237 semper
1691 1153 2066 1217 concorditer
2108 1177 2207 1217 ao-

457 1249 612 1312 tum,
640 1251 702 1299 et
730 1237 1199 1321 congruentibus
1227 1237 1517 1319 suffragiis
1547 1237 1900 1299 conclusum
1926 1248 2037 1299 est.
2105 1236 2204 1300 Ad

458 1319 631 1400 cujus
669 1321 854 1381 etiam
897 1319 1186 1402 generalis
1230 1319 1467 1381 concilii
1512 1331 1899 1394 conventum,
1925 1319 2107 1381 simul
2143 1331 2208 1382 et

458 1402 534 1464 ad
583 1402 658 1463 V.
703 1401 775 1463 C.
818 1402 912 1463 M.
958 1403 1019 1463 in
1065 1402 1179 1463 hac
1222 1403 1400 1496 longe
1442 1402 1711 1464 maxima
1752 1413 1815 1463 et
1963 1402 2207 1472 vissima

458 1507 657 1559 causa,
676 1485 807 1565 jam
838 1496 977 1547 ante
1005 1485 1187 1546 etiam
1218 1484 1424 1546 debito
1455 1485 1638 1547 modo
1666 1496 1728 1546 et
1754 1485 1818 1546 in
1871 1507 2040 1547 orma
2049 1484 2206 1565 juris

456 1568 916 1651 provocavimus
973 1579 1035 1629 et
1092 1568 1545 1651 appellavimus.
1631 1567 1748 1629 Cui
1817 1590 1849 1629 a
1973 1568 2203 1630 llationi

459 1650 535 1711 ad
575 1649 651 1711 V.
681 1650 752 1710 C.
784 1650 879 1711 M.
910 1651 1089 1711 simul
1123 1662 1184 1711 et
1212 1651 1535 1712 concilium
1573 1650 1773 1711 adhuc
1811 1590 2205 1726 affligi-emus,

459 1754 656 1814 neque
683 1754 818 1793 eam
849 1754 955 1816 per
984 1733 1149 1794 hunc
1177 1733 1270 1793 vel
1294 1733 1478 1794 alium
1504 1745 1825 1794 tractatum
1858 1733 1999 1811 (nisi
2024 1755 2206 1795 causa

458 1815 616 1876 inter
643 1837 751 1876 nos
780 1826 841 1876 et
869 1826 1084 1898 partes,
1102 1815 1283 1895 juxta
1306 1827 1574 1877 tenorem
1599 1816 1888 1877 Caesareoe
1910 1816 2204 1899 proximae

459 1897 761 1959 citationis
784 1897 976 1959 amice
1006 1899 1069 1958 in
1100 1898 1391 1959 charitate
1419 1899 1773 1982 composita,
1795 1897 2016 1974 sedata,
2037 1909 2101 1960 et
2128 1898 2204 1960 ad

459 1980 866 2042 Christianam
897 1980 1280 2042 concordiam
1311 1979 1558 2042 reducta
1584 1980 1788 2060 fuerit)
1817 1980 2087 2042 deserere
2114 1982 2205 2043 in·

458 2062 765 2125 tendimus
788 2073 892 2124 aut
913 2084 1251 2146 possumus.
1289 2062 1416 2124 ·De
1445 2083 1567 2146 quo
1597 2063 1700 2126 hic
1733 2063 1917 2125 etiam
1946 2062 2208 2126 solenni-

459 2155 551 2208 ter
577 2157 639 2207 et
665 2145 910 2229 publice
937 2156 1355 2229 protestamur.
