2418 4172
805 357 1294 413 PRAEFATlo.
1838 361 1890 413 xi

145 510 183 542 ‘⁸
209 503 446 568 soboles
472 502 557 564 sic
587 500 651 563 in
679 499 1077 584 perditionem
1107 511 1170 560 et
1189 498 1464 571 exitium,
1489 499 1667 577 primi
1699 501 1896 562 horni-

146 606 186 638 “
213 598 310 661 nis
338 598 536 680 culpa,
565 596 934 680 praecipitata
970 595 1108 674 fuit)
1140 594 1401 676 seipsum
1436 594 1618 655 talem
1648 594 1897 656 demon-

144 700 184 733 “
211 707 441 760 struae
465 714 538 755 ac
563 691 943 776 -praestitisse,
971 689 1163 771 qualis
1206 700 1298 748 est
1338 710 1562 763 revera,
1593 689 1899 764 nimirum,

145 799 184 829 “
212 801 278 866 et
294 788 741 854 misericordem
772 799 835 847 et
851 787 1123 867 justum:
1158 785 1598 847 misericordem
1631 785 1898 866 quidem,

138 894 182 938 -“
208 910 310 953 eos
336 886 726 951 damnatione
768 896 830 947 et
867 884 1110 946 interitu
1150 882 1458 944 liberando
1490 895 1553 943 et
1586 884 1897 959 servando,

143 994 183 1024 ‘⁶
210 1007 364 1068 quos
392 984 454 1046 in
482 995 708 1045 aeterno
746 1004 857 1043 suo
883 980 1134 1042 consilio
1163 1003 1273 1064 pro
1302 981 1561 1063 gratuita
1592 1003 1699 1042 sua
1729 982 1900 1044 boni-

143 1090 183 1163 ‘.‘
210 1093 333 1144 tate
359 1103 470 1166 per
494 1080 712 1142 Jesum
743 1078 1056 1140 Christum
1087 1077 1430 1139 Dominum
1473 1088 1741 1139 nostrum
1782 1080 1901 1141 ele-

144 1187 182 1217 “
210 1178 323 1263 git,
347 1179 576 1259 absque
617 1176 740 1237 ullo
777 1196 1030 1259 operum
1071 1174 1339 1258 ipsorum
1380 1186 1673 1257 respectu.
1757 1176 1901 1237 Jus-

143 1282 182 1314 “
209 1286 343 1339 tum
373 1296 535 1349 ver0,
563 1273 712 1334 alios
754 1273 820 1333 in
862 1272 966 1332 illo
1004 1293 1112 1332 suo
1147 1272 1319 1353 lapsu
1348 1282 1411 1332 et
1438 1270 1774 1353 perditione
1804 1294 1896 1332 re·

144 1379 184 1410 “
213 1369 562 1454 linquendo,
582 1369 644 1430 in
676 1390 859 1449 quem
891 1389 1018 1429 sese
1047 1367 1161 1450 ipsi
1192 1368 1531 1450 praecipites
1559 1367 1902 1431 dederunt?

149 1468 239 1551 (p.
266 1465 436 1546 336.)
493 1466 853 1548 Augustana
876 1464 1155 1525 MDXL.
1178 1475 1418 1525 autem:
1449 1471 1483 1499 “
1505 1463 1651 1524 Non
1680 1476 1772 1526 est
1800 1464 1901 1526 hic

144 1571 186 1635 .“
211 1585 367 1648 opus
386 1560 897 1645 disputationibus
918 1558 996 1620 de
1015 1558 1543 1641 praedestinatione
1564 1571 1669 1621 aut
1690 1561 1901 1622 simili·

143 1669 184 1734 .“.
211 1659 345 1731 bus.
400 1657 566 1720 Nam
597 1655 915 1740 promissio
943 1666 1038 1714 est
1061 1654 1428 1728 universalia,
1451 1666 1512 1715 et
1532 1655 1685 1716 nibil
1707 1655 1902 1717 detra-

140 1762 183 1823 ,“
211 1754 308 1818 hit
325 1754 627 1839 operibus,
657 1754 781 1815 imo
810 1751 1139 1815 exsuscitat
1168 1751 1243 1813 ad
1272 1750 1456 1814 fidem
1486 1762 1548 1811 et
1576 1774 1715 1814 vere
1743 1754 1901 1815 bona

143 1858 183 1889 ‘⁶
210 1852 440 1935 opera.”
491 1853 578 1934 (p.
609 1852 775 1925 180.)
862 1847 1165 1911 Saxonica
1219 1847 1473 1908 eandem
1533 1847 1610 1909 de
1666 1848 1781 1910 hac
1836 1871 1899 1910 re

144 1947 507 2021 sententiam
538 1947 723 2008 etiam
753 1945 1013 2029 apertius
1042 1945 1338 2008 declarat:
1382 1951 1419 1980 “
1447 1944 1592 2005 Non
1623 1945 1900 2007 addimus

143 2051 184 2111 .“
213 2043 318 2107 hic
346 2043 708 2126 quaestiones
747 2042 823 2103 de
861 2041 1389 2125 praedestinatione
1432 2064 1537 2102 seu
1579 2040 1656 2102 de
1698 2042 1903 2103 electi-

145 2147 181 2218 .“
209 2162 365 2211 one;
414 2139 517 2202 sed
566 2139 918 2200 deducimus
967 2159 1178 2198 omnes
1232 2138 1481 2199 lectores
1532 2136 1608 2197 ad
1647 2138 1898 2198 verbum

145 2244 181 2302 5‘
208 2236 352 2312 Dei,
380 2247 444 2298 et
471 2236 762 2316 jubemus
805 2246 874 2296 ut
903 2235 1279 2295 voluntatem
1316 2233 1437 2295 Dei
1481 2256 1559 2295 ex
1587 2235 1770 2295 verbo
1806 2234 1901 2316 ip-

145 2341 184 2370 “
210 2332 334 2397 sius
388 2331 641 2406 discant,
691 2331 847 2393 sicut
892 2341 1148 2392 aeternus
1196 2331 1372 2392 Pater
1428 2352 1709 2413 expressa
1752 2352 1900 2392 voce

145 2428 506 2513 “praecipiss
525 2427 717 2489 Hunc
745 2427 972 2489 audite.
1038 2426 1185 2489 Non
1215 2438 1486 2508 quaerant
1515 2427 1659 2487 alias
1688 2448 1893 2509 specu-

145 2536 184 2564 “
151 2525 512 2606 lationesff’
542 2527 628 2608 (p.
654 2528 823 2605 258.)
910 2524 1328 2586 Catechismus
1366 2522 1899 2605 Heidelbergensis

226 2640 352 2682 rem
402 2619 652 2680 exhibet
695 2618 771 2679 de
817 2618 911 2680 his
960 2619 1135 2680 rebus
1181 2618 1678 2688 moderationem,
1719 2629 1783 2678 et.
1822 2616 1900 2678 de

219 2684 557 2786 bflonbus
586 2715 1021 2796 quaestionibus
1050 2716 1144 2776 vel
1174 2737 1351 2797 parce
1375 2715 1467 2775 vel
1498 2736 1620 2774 non
1650 2714 1900 2774 omnino

143 2790 426 2892 loquitur.
511 2811 612 2872 De
653 2811 1066 2894 redemptione
1111 2834 1218 2894 per
1250 2810 1561 2871 Christum
1609 2810 1788 2882 facta,
1834 2821 1896 2869 et

147 2906 310 2967 fide
294 2928 356 2967 in
386 2907 720 2979 Christum,
754 2910 881 2968 haec
910 2919 1146 2968 tanturn
1182 2907 1397 2967 habet:
1437 2918 1475 2943 “
1500 2906 1674 2966 Num
1704 2907 1900 2989 igitur

149 3015 185 3040 “
212 3004 484 3066 omnibus
518 3004 873 3074 hominibus,
903 3005 1010 3086 qui
1053 3006 1117 3064 in
1144 3004 1385 3064 Adamo
1411 3005 1752 3085 perierant,
1781 3025 1900 3084 per

150 3111 187 3137 “
222 3100 534 3162 Christum
574 3100 744 3161 salus
783 3089 1120 3162 redditur?
1160 3100 1307 3161 Non
1351 3101 1650 3170 omnibuS,
1690 3121 1896 3161 verum

150 3209 187 3235 ‘⁶
215 3197 288 3258 iis
328 3209 586 3268 tantum,
615 3198 719 3278 qui
748 3220 885 3259 vera
929 3198 1049 3258 fide
1092 3198 1205 3279 ipsi
1251 3198 1609 3267 inseruntur,
1648 3197 1900 3279 ejusque

149 3303 188 3333 “
169 3294 509 3357 ‘beneficia
536 3295 739 3355 omnia
769 3294 1264 3376 amplectuntur?
1294 3297 1379 3375 (p.
1399 3292 1568 3372 365.)
1628 3295 1768 3362 Quo
1796 3294 1899 3356 de-

148 3405 321 3504 mum
360 3389 756 3473 processerint
790 3389 1087 3463 homines,
1116 3391 1295 3449 etiam
1328 3389 1570 3471 publice
1607 3401 1670 3450 et
1706 3390 1901 3451 solen-

148 3459 307 3551 mter
340 3486 706 3568 congregati,
744 3506 905 3554 cum,
942 3482 1328 3544 inflammatis
1373 3484 1553 3567 longa
1594 3498 1900 3547 concerta-

152 3585 315 3646 tione
354 3583 589 3657 animiS,
618 3593 680 3643 et
717 3581 1057 3642 inveteratis
1091 3580 1264 3655 odiis,
1294 3582 1650 3643 sententiam
1690 3582 1766 3644 de
1805 3583 1900 3644 his

0 2556 109 2729 ’ΞΥΊ

1666 3774 1699 3786 ‘³
