2418 4172
767 356 1237 411 sAonmA.
1288 436 1299 449 ι
1397 337 1403 344 ’
1764 361 1869 413 245

125 499 271 561 tiam
314 498 428 581 ipsi
470 499 906 581 praestandam:
951 499 1224 561 attribuit
1271 510 1333 559 et
1381 498 1714 559 libertatem
1762 521 1864 560 vo-

125 581 389 656 luntatis,
420 594 485 641 ut
514 582 865 643 nominant:
910 594 969 643 et
999 604 1196 644 revera
1224 581 1412 642 voluit
1441 580 1865 655 obedientiam,

124 662 282 725 sieut
307 665 597 748 scriptum
636 677 747 738 est,
772 665 916 726 Non
945 664 1150 725 volens
1179 663 1357 724 Deus
1385 663 1765 746 iniquitatem
1796 676 1863 723 tu

124 767 229 808 0⁸.-
271 747 384 808 sed
421 746 647 809 diaboli
682 756 740 808 et
778 748 1042 807 homines
1070 745 1356 806 libertate
1386 768 1507 807 m
1533 745 1866 807 voluntatis

123 829 316 905 abusi,
342 827 694 914 dffecmnt
734 851 774 889 a
804 829 964 902 Deo,
1006 837 1064 890 et
1107 827 1223 890 hac
1262 828 1667 889 inobedientia
1686 827 1866 912 fizcti

0 960 10 998 3
121 919 268 975 sumt
291 913 389 974 rei
413 914 518 973 irae
550 911 694 986 Dei,
721 920 781 973 et
809 913 1145 973 amiserunt
1172 911 1618 987 rectitudinem,
1647 934 1714 973 m
1742 935 1865 995 qua

122 995 348 1059 conditi
375 1003 570 1056 erant.

132 1119 140 1123 -
204 1078 433 1161 ltaque.-
467 1078 651 1139 libera
679 1078 954 1140 voluntas
1000 1078 1066 1139 in
1110 1076 1363 1139 diabolis
1409 1089 1472 1139 et
1513 1077 1863 1139 hominibus

122 1182 301 1224 musa
347 1161 466 1223 fuit
508 1161 636 1242 ejus
682 1161 902 1244 lapsuS,
939 1183 1063 1222 non
1097 1161 1371 1221 voluntas
1420 1160 1561 1234 Dei,
1598 1161 1701 1242 qui
1752 1183 1864 1223 nec

122 1244 256 1307 vult
303 1257 644 1337 peceatum,
692 1267 804 1305 nec
861 1245 1173 1326 approbat,
1228 1266 1341 1304 nec
1397 1243 1660 1323 adjuvat,
1709 1244 1866 1306 sicut

123 1327 417 1411 seriptum
458 1339 571 1402 est,
612 1328 765 1388 Cum
816 1327 1193 1387 mendacium
1240 1326 1510 1409 loquitur
1540 1326 1864 1401 Diabolus,

125 1430 200 1471 es:
218 1411 475 1492 proprio
503 1410 788 1491 quuitur,
809 1418 868 1470 et
891 1418 1071 1491 pater·
1087 1418 1176 1470 est
1203 1409 1535 1470 mendacii.-
1560 1422 1620 1470 et
1645 1411 1868 1472 lJoan.

125 1491 211 1555 iii.
246 1494 376 1559 Qui
395 1492 576 1577 facit
616 1502 951 1574 peccatum,
997 1514 1071 1553 ex
1117 1492 1383 1553 Diabolo
1440 1502 1546 1566 est,
1594 1494 1740 1575 quia
1789 1493 1867 1554 ab

124 1575 302 1637 mitio
330 1576 635 1637 Diabolus
654 1584 885 1656 peccat.
954 1574 1066 1635 Est
1095 1587 1298 1635 autem
1329 1588 1668 1656 peccatum,
1697 1576 1867 1657 quic-

122 1657 271 1739 quid
311 1670 404 1719 est
446 1658 806 1719 eontrarium
842 1657 1096 1736 justitiae
1123 1656 1265 1726 Dei,
1299 1678 1434 1737 quae
1478 1669 1570 1718 est
1611 1657 1759 1717 ordo
1801 1658 1866 1716 in

123 1751 328 1802 mente
365 1739 585 1813 divina,
614 1761 794 1820 quem
837 1750 898 1800 et
936 1750 1143 1821 postea
1182 1760 1288 1798 sua
1317 1760 1464 1799 voce
1505 1739 1566 1799 in
1595 1739 1763 1820 Lege
1806 1750 1868 1800 et

124 1821 457 1907 Evangelio
486 1821 810 1905 expressit:
850 1821 975 1881 sive
1003 1822 1079 1881 sit
1109 1820 1514 1882 inobedientia
1541 1822 1868 1904 originaliS,

122 1904 246 1967 sive
286 1906 555 1980 actualis,
584 1916 827 1988 propter
853 1926 1037 1985 quam
1079 1914 1143 1964 et
1189 1926 1289 1964 rea
1333 1916 1423 1965 est
1469 1927 1723 1987 persona
1765 1905 1867 1966 irae

125 1988 267 2062 Dei,
293 2000 357 2051 et
380 1987 704 2049 damnatur
727 1998 947 2048 oeterna
976 2009 1179 2069 poena,
1208 1987 1320 2047 nisi
1354 1989 1457 2048 fiat
1494 1988 1766 2049 remissio
1805 1988 1869 2048 in

126 2071 245 2132 hac
273 2071 397 2133 vita
424 2083 667 2153 propter
697 2069 918 2130 Filium
952 2070 1373 2131 Mediatorem.

209 2154 589 2215 Damnamus
631 2152 810 2213 etiam
854 2153 1081 2214 furores
1116 2152 1465 2227 Marcionis,
1495 2152 1870 2214 Manicbaeo-

125 2257 281 2310 mm,
315 2249 378 2298 et
417 2236 661 2309 similes,
691 2246 1029 2318 pugnantes
1073 2257 1214 2296 cum
1249 2257 1389 2296 vero
1422 2257 1714 2298 consensu
1747 2236 1868 2298 Ec-

124 2318 325 2381 clesiae
352 2318 470 2382 Dei
502 2319 562 2380 in
595 2319 708 2379 bac
736 2330 864 2379 tota
892 2320 1241 2399 quoestione.

698 2528 1294 2572 —-—.*-—.—

639 2684 743 2745 De
770 2683 1033 2745 Peccato
1067 2681 1367 2765 Originis.

124 2774 283 2875 'DE
320 2772 566 2895 peceato
601 2814 847 2895 originis
881 2813 1196 2896 perspicue
1232 2813 1415 2872 etiam
1459 2812 1869 2884 adfirmamus,

130 2915 241 2957 nos
283 2894 534 2955 retinere
561 2917 921 2959 eonsensum
951 2918 1103 2957 verae
1132 2894 1419 2957 Ecclesiae
1445 2894 1566 2955 Dei
1597 2893 1740 2954 inde
1773 2917 1872 2955 us-

130 3000 251 3060 que
297 2999 334 3037 a
380 2978 588 3060 primis
632 2979 920 3071 patribus,
961 2979 1290 3062 prophetie,
1334 2977 1638 3059 apostolis,
1682 2989 1745 3036 et
1794 2978 1871 3038 ab

132 3059 536 3144 apostolorum
593 3061 921 3145 discipulis,
980 3083 1167 3142 usque
1224 3061 1298 3121 ad
1347 3060 1757 3142 Augustinum
1809 3070 1871 3120 et

129 3143 416 3225 deinceps
438 3142 751 3205 traditum:
779 3157 843 3206 et
861 3166 1140 3227 expresse
1161 3144 1522 3204 damnamus
1542 3142 1872 3223 Pelagium,

11 3242 26 3270 ·‘
131 3238 195 3287 et
235 3248 446 3286 omnes
490 3226 594 3306 qui
638 3226 855 3288 similia
887 3226 1277 3287 deliramenta
1307 3226 1761 3306 Pelagianorum
1808 3225 1870 3286 in

121 3308 446 3371 eeclesiam
489 3321 848 3391 sparserunt.
931 3310 1023 3369 Ac
1049 3308 1326 3383 dicimus,
1353 3330 1564 3368 omnes
1595 3306 1871 3368 homines

128 3402 271 3476 post
299 3391 531 3474 lapsum
580 3392 907 3473 primorum
940 3403 1278 3473 parentum,
1306 3390 1410 3471 qui
1441 3400 1769 3466 nascuntur
1793 3411 1871 3453 ex

47 3477 54 3538 f
133 3473 567 3537 commixtione
597 3474 775 3535 maris
804 3485 866 3534 et
892 3473 1179 3546 foeminae,
1202 3483 1510 3535 nascentes
1540 3494 1745 3536 seeum
1766 3473 1872 3536 ad-

28 3581 46 3610 :
123 3555 285 3621 -fetre
310 3569 627 3641 peccatum
659 3556 922 3641 originis,
950 3556 1107 3617 sicut
1135 3555 1356 3616 Paulus
1386 3556 1583 3638 inquit
1613 3554 1796 3619 Rom.
1817 3578 1871 3618 v.

135 3635 267 3722 Ρη
286 3661 476 3704 unum
502 3641 799 3703 hominem
827 3647 1147 3721 peccatum
1174 3639 1430 3702 intravit
1464 3639 1530 3702 in
1566 3639 1870 3714 mundum,

922 3766 934 3778 .
966 3742 1007 3783 a
1034 3733 1072 3783 3
1392 3733 1397 3737 ’
1625 3750 1680 3785 2
