2418 4172
9 3950 102 4172 W&
21 3743 62 3930 ’'''rr=:·³-⁴1·³¹'
14 3499 59 3734 ,ἤεῆειῐῖζ-ῖνηή*
27 3436 46 3484 -.-2·
30 3383 35 3393 «

572 361 1134 417 AUGUSTANA
1187 361 1554 415 MDxxxl.
1847 365 1951 418 183

204 504 363 648 tinge
373 503 602 586 Spiritu
645 503 888 576 Sancto,
915 512 978 563 et
1019 511 1258 564 tantum
1303 501 1585 563 humanis
1623 502 1849 563 viribus
1884 526 1947 565 se

201 608 282 671 gn
364 597 515 647 rnat.

285 667 457 730 Hinc
483 668 660 729 facile
765 675 951 749 paret,
978 665 1137 725 hanc
1164 662 1498 725 doctrinam
1531 686 1652 724 non
1684 686 1812 724 esse
1850 687 1947 726 ac-

199 750 548 824 cusandam,
589 771 672 830 qu
794 749 954 808 bona
998 768 1179 830 opera
1225 744 1562 828 prohibeat,
1600 747 1703 807 sed
1757 748 1947 807 multo

201 833 397 917 magis
445 830 826 904 laudandam,
875 829 1038 910 quod
1094 827 1375 902 ostendit,
1429 828 1735 908 quomodo
1792 830 1949 890 bona

199 937 382 1000 opera
416 915 611 976 facere
650 913 971 996 possimus.
1056 911 1218 972 Nam
1261 910 1388 971 sine
1417 910 1537 971 fide
1568 912 1734 971 nullo
1765 912 1945 972 modo

196 1009 399 1084 potest
440 997 706 1058 humana
747 1007 959 1056 natura
1001 995 1180 1077 primi
1226 1006 1329 1054 aut
1371 992 1616 1054 secundi
1660 995 1943 1076 praecepti

197 1080 693 1246 ἓΐξῖῗεῗῖξῗῲι,
712 1079 857 1222 ἶῖἒῖῗ
888 1076 1788 1239 505230232235233233'43
1806 1076 1945 1219 ”1233

198 1267 382 1310 mana
407 1245 698 1329 praesidia‚
726 1244 978 1305 confidit
1009 1243 1287 1303 humanis
1316 1240 1624 1324 praesidiis.
1698 1241 1792 1301 Ita
1815 1264 1946 1324 reg-

199 1339 348 1390 nant
375 1328 436 1389 in
467 1327 645 1389 corde
673 1349 884 1387 omnes
907 1325 1288 1408 cupiditates,
1306 1337 1368 1385 et
1391 1324 1656 1384 humana
1678 1323 1944 1396 consilia,

200 1431 342 1473 cum
386 1411 556 1472 abest
596 1409 745 1470 fides
788 1420 850 1469 et
893 1408 1111 1469 fiducia
1153 1429 1291 1488 erga
1327 1407 1553 1467 Deum.
1641 1406 1843 1475 Quare
1885 1419 1947 1466 et

200 1492 480 1555 Christus
517 1491 711 1553 dixit:
757 1490 906 1552 Sine
935 1512 1031 1551 me
1056 1489 1213 1551 nihil
1226 1490 1481 1570 potestis
1485 1486 1736 1571 facere,
1762 1488 1804 1548 J
1811 1510 1946 1549 oan.

198 1596 298 1637 xv.
383 1573 471 1651 Et
510 1574 763 1635 ecclesia
804 1573 1002 1634 canit:
1044 1572 1187 1632 Sine
1226 1585 1332 1632 tuo
1366 1571 1635 1644 numine,
1664 1570 1815 1630 nibil
1855 1580 1947 1631 est

199 1656 264 1719 in
293 1656 559 1731 homine,
585 1655 738 1715 nihil
767 1667 859 1715 est
887 1653 1222 1714 innoxium.

584 1796 768 1858 XXI.
815 1796 919 1857 De
955 1794 1141 1856 Cultu
1173 1795 1555 1855 Sanctorum.

197 1881 352 1964 DE
378 1899 547 1961 cultu
578 1910 922 1959 sanctorum
952 1897 1190 1971 docent,
1213 1896 1374 1977 quod
1399 1895 1687 1956 memoria
1708 1906 1946 1955 sancto-

196 2005 337 2045 rum
378 1982 631 2066 proponi
677 1992 894 2063 potest,
927 1992 996 2042 ut
1038 1980 1347 2040 imitemur
1389 1978 1571 2038 fidem
1618 2000 1845 2051 eorum,
1882 1989 1944 2037 et

198 2066 359 2128 bona
379 2087 417 2125 o
498 2064 745 2144 rajuxta
762 2063 1169 2132 vocationem;
1197 2074 1263 2122 ut
1281 2061 1481 2122 Caesar
1502 2061 1722 2121 imitari
1746 2072 1945 2142 potest

198 2169 422 2230 exemp
450 2169 551 2207 um
583 2146 836 2207 Davidis
876 2146 935 2205 in
978 2146 1134 2205 bello
1165 2144 1425 2225 gerendo
1455 2143 1527 2203 ad
1558 2142 1942 2225 depellendos

198 2230 425 2292 Turcaa
454 2251 488 2291 a
516 2228 724 2312 patria.
795 2227 960 2288 Nam
992 2239 1243 2308 uterque
1272 2248 1375 2286 rex
1405 2238 1513 2286 est.
1585 2225 1704 2285 Sed
1744 2224 1945 2306 Scrip-

197 2323 335 2375 mra
382 2333 506 2373 non
551 2311 730 2372 docet
777 2311 1053 2371 invocare
1097 2320 1354 2381 sanctOS,
1385 2331 1489 2369 seu
1533 2319 1736 2390 petere
1779 2307 1948 2367 auxi-

198 2394 351 2457 lium
379 2418 416 2456 a
443 2393 681 2455 sanctis.
769 2393 928 2462 Quia
956 2414 1145 2452 unuin
1177 2392 1488 2451 Christum
1521 2390 1694 2450 nobis
1726 2412 1947 2472 propo-

177 2477 293 2542 *nit
319 2477 709 2539 mediatorem
718 2474 1262 2568 ,epropitiatorium,
1283 2474 1655 2556 pontificem,
1677 2484 1739 2532 et
1766 2486 1948 2532 inter-

197 2582 508 2623 cessorem.
589 2558 715 2620 Hic
744 2556 1111 2619 invocandus
1140 2568 1251 2631 est,
1281 2568 1341 2615 et
1370 2555 1646 2638 promisit
1674 2576 1737 2614 se
1765 2576 1947 2614 exau-

197 2642 466 2705 diturum
498 2665 626 2703 esse
656 2663 861 2724 preces
884 2652 1134 2714 nostraS,
1155 2651 1217 2700 et
1238 2639 1399 2699 hunc
1421 2637 1654 2699 cultum
1681 2637 1948 2697 maxime

242 2726 434 2800 robat‚
459 2725 756 2798 videlicet,
789 2735 855 2784 ut
882 2724 1194 2784 invocetur
1221 2722 1282 2782 in
1307 2721 1589 2781 omnibus
1613 2720 1947 2780 afflictioni-

198 2747 335 2882 bus,
371 2820 396 2868 1
430 2808 611 2870 Joan.
641 2807 701 2867 ii.
734 2806 805 2867 Si
836 2807 970 2888 quis
996 2814 1229 2887 peccat,
1259 2805 1545 2865 habemus
1588 2803 1945 2862 advocatum

202 2890 371 2972 apud
394 2889 619 2963 Deum,
646 2900 759 2950 etc.

285 2972 447 3034 Haec
486 2972 608 3032 fere
646 2993 885 3032 summa
922 2982 1014 3031 est
1051 2970 1340 3031 doctrinae
1378 2967 1536 3051 apud
1570 2989 1698 3040 nos,
1730 2966 1792 3026 in
1822 2986 1945 3046 qua

202 3054 364 3116 cerni
486 3065 621 3128 test,
645 3054 1051 3127 nihildnesse,
1079 3052 1241 3133 quod
1282 3051 1578 3132 discrepet
1612 3072 1645 3109 a
1675 3048 1947 3130 Scriptu-

203 3137 303 3211 ris,
323 3158 394 3197 ve
445 3138 522 3197 ab
543 3137 794 3197 ecclesia
816 3136 1131 3209 catholica,
1151 3135 1244 3195 vel
1276 3135 1350 3194 ab
1373 3133 1623 3194 ecclesia
1648 3130 1946 3204 Romana,

202 3230 498 3314 quatenus
539 3239 613 3279 ex
658 3219 1044 3301 scriptoribus
1088 3229 1230 3278 nota
1272 3229 1380 3276 est.
1467 3213 1646 3283 Quod
1682 3235 1823 3273 cum
1861 3213 1945 3273 ita

202 3314 299 3375 sit,
326 3302 718 3362 inclementer
743 3300 1014 3379 judicant
1043 3300 1161 3372 isti,
1191 3299 1293 3379 qui
1337 3309 1569 3358 nostros
1654 3317 1719 3355 ro
1759 3295 1944 3356 haere-

202 3384 338 3447 ticis
369 3383 572 3445 haberi
603 3382 929 3465 postulant.
1015 3380 1133 3440 Sed
1163 3381 1454 3440 dissensio
1482 3391 1574 3439 est
1642 3400 1676 3438 e
1696 3377 1945 3458 quibus-

138 3463 144 3468 *
200 3466 343 3529 dam
382 3466 688 3538 abusibus,
717 3465 820 3546 qui
863 3463 990 3524 sine
1028 3475 1190 3523 certa
1228 3462 1545 3523 autoritate
1575 3460 1634 3520 in
1665 3460 1943 3521 ecclesias

201 3549 583 3634 irrepserunt,
613 3548 675 3608 in
716 3547 938 3628 quibus
977 3545 1182 3619 etiam,
1211 3545 1257 3605 si
1298 3566 1420 3626 qua
1454 3554 1611 3605 esset
1642 3542 1947 3604 dissimili-

201 3631 372 3708 tudo,
434 3644 637 3694 tamen
703 3629 954 3692 decebat
1019 3627 1153 3689 haec
1216 3628 1427 3689 lenitas
1491 3626 1826 3710 episcopos,
1879 3638 1948 3686 ut
2012 3686 2021 3690 -

1020 3730 1063 3770 K
1091 3722 1128 3772 3
1656 3756 1687 3765 ,

1680 3775 1714 3788 ae‘
