2418 4172
485 362 591 415 408
728 386 731 390 >
935 363 979 415 1.
1021 362 1451 417 DOCTRINAE
1490 365 1778 430 CAPUT,

486 501 724 577 bilibus,
766 504 827 564 in
878 505 1084 566 salutis
1131 504 1534 567 conditionem
1594 506 1810 589 elegit;
1868 507 1971 569 sed
2022 509 2082 573 iu
2132 531 2223 582 co,

485 587 647 665 quod
690 601 878 647 certas
922 587 1208 667 quasdam
1258 608 1536 668 personas
1566 609 1639 648 cx
1672 590 1981 650 communi
2015 612 2224 672 pecca-

483 679 679 727 torum
729 669 1111 730 multitudine
1154 670 1265 729 sibi
1315 670 1371 728 iu
1417 670 1718 752 peculium
1763 672 2035 746 adscivit,
2068 674 2226 734 sicut

483 750 773 832 scriptum
807 766 895 811 est
919 775 933 811 ε
979 752 1262 814 Nondum
1293 754 1454 812 natis·
1468 754 1700 833 pueris,
1722 774 1855 814 cum
1876 775 2068 836 neque
2088 754 2226 816 boni

526 833 795 913 nippiam
829 833 1138 917 jecissent
1193 857 1386 916 neque
1445 834 1609 907 mall,
1666 837 1773 896 διο.
1833 836 2062 897 dictum
2117 843 2225 910 est,

482 853 731 998 {nempe
746 916 1095 993 ,Rebeccoe‚)
1122 916 1336 999 ,Major
1356 918 1578 978 serviet
1602 919 1835 988 minori,
1851 920 2011 980 sicut
2035 919 2225 999 ἐθήρ-

482 1005 612 1059 tum
642 1007 752 1071 est,
770 998 968 1060 Jacob
996 999 1200 1074 dilexi,
1219 1000 1392 1060 Esau
1412 1000 1546 1061 odio
1567 1000 1769 1062 habui.
1802 1001 1984 1062 Rom.
2012 1001 2094 1063 ix.
2132 1013 2227 1076 11,

488 1091 585 1153 12,
623 1092 714 1142 13.
743 1080 846 1155 Et,
882 1081 1286 1143 Crediderunt
1315 1091 1603 1175 quotquot
1634 1091 1808 1144 erant
1837 1084 2108 1145 ordinati
2143 1083 2230 1144 ad

479 1162 666 1223 vitam
694 1172 996 1224 aetmam.
1025 1164 1226 1224 Actor.
1256 1163 1513 1306 13:348.

564 1327 768 1407 Atque
799 1339 865 1388 ut
893 1327 1062 1389 Deus
1092 1327 1219 1410 ipse
1249 1338 1339 1388 est
1366 1328 1859 1411 sapientissimus,
1877 1328 2227 1390 immutabi-

482 1408 571 1482 lis,
616 1410 964 1483 omniscius,
1012 1421 1073 1470 et
1117 1410 1534 1492 omnipotens:
1596 1411 1678 1470 ita
1718 1411 1932 1471 electio
1975 1412 2052 1471 ab
2094 1410 2225 1495 ipso

481 1491 637 1551 facta
681 1514 792 1552 nec
838 1493 1208 1575 interrumpi,
1237 1515 1349 1553 nec
1395 1493 1630 1561 mutari,
1661 1494 1938 1568 revocari,
1972 1505 2078 1555 aut
2117 1495 2226 1555 ab·

481 1574 700 1656 rumpi,
730 1597 841 1635 nec
880 1574 1050 1635 electi
1093 1575 1288 1656 abjici,
1318 1598 1427 1637 nec
1469 1597 1751 1638 numerus
1790 1597 1994 1637 eorum
2029 1575 2224 1637 minui

480 1667 694 1738 potest.
1275 1740 1429 1801 XH-

562 1820 661 1881 De
695 1820 805 1882 hac
833 1834 1053 1882 aeterna
1084 1832 1145 1881 et
1167 1821 1532 1885 immutabili
1563 1823 1653 1883 sui
1685 1822 1758 1883 ad
1790 1822 2044 1883 salutem
2068 1823 2224 1884 elec-

478 1902 663 1977 tione,
705 1903 876 1964 electi
934 1926 1042 1964 suo
1101 1916 1388 1986 tempore,
1429 1903 1601 1963 variis
1651 1905 1792 1965 licet
1839 1904 2121 1985 gradibus
2161 1916 2228 1966 et

479 1985 698 2068 dispari
754 2007 1048 2057 mensura,
1091 1987 1368 2046 certiores
1414 1985 1759 2060 redduntur,
1801 2008 1922 2047 non
1973 1986 2220 2067 quidem

479 2089 693 2128 arcana
729 2080 791 2127 et
830 2066 1264 2149 profunditates
1293 2067 1412 2127 Dei
1452 2067 1681 2128 curiose
1717 2067 2077 2139 scrutando;
2118 2067 2227 2131 sed

479 2149 706 2210 fructus
746 2149 1049 2210 electionis
1092 2150 1452 2223 infallibiles,
1480 2150 1541 2210 in
1587 2152 1767 2211 verbo
1795 2150 1915 2211 Dei
1950 2149 2227 2234 designa-

480 2241 591 2304 tos,
614 2244 679 2292 ut
710 2243 848 2293 sunt
876 2254 1012 2292 vera
1042 2231 1101 2292 in
1125 2232 1438 2293 Christum
1473 2232 1638 2307 fides,
1659 2233 1856 2294 filialis
1877 2232 1997 2295 Dei
2026 2233 2229 2309 timor,

480 2313 651 2374 dolor
692 2314 767 2374 de
809 2314 1069 2397 peccatis
1114 2315 1443 2376 secundum
1480 2315 1707 2389 Deum,
1735 2316 1956 2377 esuries
1993 2327 2055 2377 et
2096 2317 2228 2378 sitis

470 2395 745 2475 justitiae,
774 2399 881 2458 &c.
913 2397 974 2457 in
1008 2420 1134 2458 sese
1163 2420 1302 2459 cum
1337 2397 1625 2480 spirituali
1666 2398 1885 2480 gaudio
1922 2410 1982 2460 et
2018 2411 2224 2461 sancta

479 2479 788 2561 voluptate
816 2480 1204 2540 observando.

563 2643 661 2703 Ex
705 2642 881 2722 hujus
922 2642 1229 2704 electionis
1269 2666 1444 2705 sensu
1469 2655 1531 2704 et
1557 2645 1933 2718 certitudine,
1963 2644 2070 2707 filii
2101 2643 2221 2706 Dei

484 2726 769 2806 majorem
817 2723 1008 2786 indies
1051 2747 1178 2787 sese
1220 2748 1419 2787 coram
1464 2726 1598 2788 Deo
1642 2727 2019 2802 humiliandi,
2046 2728 2226 2810 abys-

481 2830 612 2869 sum
662 2806 1195 2869 misericordiarum
1240 2809 1367 2890 ejus
1411 2808 1714 2885 adorandi,
1750 2811 1977 2894 seipsos
2018 2810 2227 2894 purifi-

482 2890 675 2963 candi,
706 2902 766 2950 et
808 2911 970 2963 eum,
998 2891 1099 2972 qui
1137 2891 1297 2973 ipsos
1340 2891 1499 2974 prior
1541 2904 1708 2953 tanto
1787 2916 1849 2953 re
1877 2892 2111 2967 dilexit,
2138 2893 2228 2954 vi-

482 2973 681 3034 cissim
716 2971 989 3033 ardenter
1016 2973 1323 3054 diligendi,
1346 2975 1652 3037 materiam
1685 2915 2049 3037 deesumunt:
2093 2988 2225 3036 tan-

482 3068 611 3116 tum
673 3056 859 3130 abest,
902 3068 968 3116 ut
1027 3056 1140 3117 hac
1194 3057 1500 3118 electionis
1550 3057 1823 3119 doctrina
1870 3071 2051 3140 atque
2094 3058 2223 3139 ejus

484 3137 870 3199 meditatione
901 3137 958 3198 in
994 3137 1410 3201 mandatorum
1442 3139 1781 3202 divinorum
1811 3140 2225 3203 observatione

485 3222 802 3299 segniores,
844 3232 945 3280 aut
996 3222 1307 3283 carnaliter
1362 3223 1573 3297 securi,
1618 3221 1955 3285 reddantur.
2041 3221 2223 3292 Quod

482 3302 551 3362 iis
571 3302 738 3382 justo
767 3302 884 3363 Dei
905 3301 1139 3382 judicio
1178 3304 1329 3365 solet
1363 3304 1647 3379 accidere,
1675 3305 1780 3387 qui
1811 3304 1887 3367 de
1912 3303 2225 3368 electionis

482 3386 686 3465 gratia,
725 3385 814 3445 vel
860 3396 1084 3446 temere
1129 3399 1575 3469 praesumentes,
1613 3388 1705 3449 vel
1755 3388 1945 3449 otiose
1986 3401 2049 3449 et
2086 3406 2222 3470 pro-

483 3479 643 3526 terve
673 3467 1025 3544 fabulantes,
1048 3468 1109 3530 in
1139 3470 1248 3531 viis
1277 3468 1602 3532 electorum
1634 3471 1941 3533 ambulare
1970 3468 2199 3532 nolunt.

571 3628 657 3690 Ut
700 3642 900 3691 autem
948 3631 1075 3694 haec
1118 3632 1193 3694 de
1235 3550 1444 3696 diiii}
1479 3634 1770 3697 electione
1810 3630 2081 3695 doctriua
2129 3653 2221 3694 sa·

2414 1058 2418 1065 ι
