2418 4172
19 3762 51 3933 owse-,-
30 3718 34 3723 ·
21 3584 42 3611 ῳ
40 3528 42 3530 ,
14 3339 43 3481 <Ma
15 3310 20 3318 ·
21 3274 27 3284 ·

527 394 553 428 o
816 378 1291 432 SAXONICA.
1742 459 1746 470 1
1815 382 1916 436 271

181 518 457 580 Sanctus.
545 518 682 579 Alia
725 533 864 581 sunt
904 532 1150 603 peccata
1189 521 1249 581 in
1280 518 1500 580 renatis
1530 519 1920 583 retinentibus

180 599 364 662 fldem
410 614 472 661 et
517 601 735 663 bonam
784 602 1232 674 conscientiam,
1316 624 1405 663 uae
1448 623 1565 662 non
1615 614 1753 662 sunt
1795 627 1921 663 cor-

178 684 431 765 ruptelae
461 683 854 758 fundamenti,
885 708 993 746 nec
1034 696 1174 745 sunt
1211 624 1425 745 (lethem
1461 696 1665 744 contra
1693 687 1922 745 consci-

177 765 426 839 entiam,
472 766 574 828 sed
620 780 760 827 sunt
806 767 1071 846 reiiquioe
1123 767 1350 847 peccati
1402 765 1665 846 originis,
1709 767 1920 850 calig0,

177 847 599 920 dubitationes,
626 848 876 908 carnalis
920 847 1220 919 securitaS,
1248 860 1507 908 errantes
1547 849 1806 909 flammae
1836 852 1920 909 vi-

176 930 466 991 tiosorum
514 929 879 1003 adfectuum,
921 942 981 990 et
1026 930 1383 1003 omissionis),
1427 931 1517 990 vel
1571 931 1918 1011 ignorantiae

176 1033 297 1073 non
340 1011 668 1073 adfectatae.
756 1013 909 1073 Haec
961 1013 1118 1072 mala
1167 1025 1493 1074 extenuant
1549 1014 1816 1095 quidam,
1858 1028 1919 1076 et

173 1094 493 1156 nominant
518 1094 924 1156 deformitates
953 1107 1166 1177 praeter
1196 1096 1389 1177 legem
1420 1096 1559 1156 Dei.
1639 1097 1756 1157 Sed
1790 1098 1918 1159 baec

174 1177 407 1239 coecitas
437 1177 610 1239 valde
654 1178 1140 1261 reprehendenda
1178 1192 1286 1254 est,
1314 1191 1375 1238 et
1415 1192 1736 1262 utrumque
1778 1203 1918 1242 con-

173 1259 587 1321 siderandum:
638 1260 991 1343 magnitudo
1035 1262 1175 1321 mali
1222 1261 1279 1321 in
1328 1262 1440 1321 hac
1483 1273 1610 1323 tota
1650 1262 1918 1324 immun-

173 1341 341 1415 ditie,
382 1364 517 1423 quae
566 1356 654 1403 est
700 1344 991 1404 contraria
1038 1343 1091 1403 le
1136 1345 1150 1403 i
1201 1357 1261 1404 et
1304 1344 1595 1405 voluntati
1646 1345 1804 1407 Dei:
1856 1359 1917 1407 et

175 1446 374 1485 rumus
398 1425 750 1507 magnitudo
780 1366 1198 1487 misericordiae
1227 1441 1285 1487 et
1318 1428 1591 1488 beneficii
1616 1428 1750 1489 Filii
1775 1429 1918 1504 Dei,

174 1508 432 1590 tegentis
464 1509 591 1569 haec
620 1508 808 1570 tristia
845 1521 907 1569 et
944 1532 1162 1592 magna
1192 1510 1433 1570 vulnera
1468 1511 1528 1571 in
1561 1511 1673 1572 hac
1705 1512 1918 1573 misera

175 1604 404 1652 natura.

252 1672 448 1734 anet
475 1684 674 1733 autem
708 1673 927 1733 Paulus
970 1674 1061 1733 his
1105 1675 1277 1734 malis
1312 1697 1644 1757 repugnare
1673 1675 1914 1758 spiritu:

171 1752 231 1814 id
260 1764 370 1826 est,
394 1755 655 1828 Atticus,
683 1754 906 1836 Scipio,
935 1755 1170 1815 frenant
1196 1756 1438 1816 vitiosos
1483 1769 1700 1831 motus,
1737 1758 1916 1818 ratio-

169 1858 284 1897 ne:
329 1835 431 1897 sed
453 1836 707 1919 Joseph,
738 1837 978 1910 Paulus,
1007 1837 1243 1898 frenant
1270 1838 1517 1920 spiritu:
1548 1839 1607 1899 id
1638 1851 1746 1914 est,
1775 1840 1916 1923 Spi-

169 1918 318 1980 ritus
360 1919 563 1980 Sancti
609 1919 894 1994 motibus,
920 1942 1059 1979 vero
1101 1921 1323 1993 dolore,
1352 1943 1490 1981 vera
1533 1922 1670 1997 fide,
1698 1924 1913 1984 timore

169 2001 311 2075 Dei,
338 2013 399 2062 et
427 2002 818 2062 invocatione.
903 2002 1091 2063 Dolet
1120 2004 1357 2075 Paulus,
1387 2004 1648 2066 sentiens
1676 2005 1915 2067 dubita-

169 2083 382 2157 tiones,
411 2097 514 2145 aut
542 2085 687 2144 alios
713 2096 972 2144 errantes
1002 2100 1238 2146 motus:
1268 2100 1329 2147 et
1358 2086 1477 2147 fide
1498 2089 1726 2160 statuit,
1757 2090 1912 2151 banc

171 2166 615 2229 immunditiem
667 2166 788 2250 tegi
825 2190 860 2227 a
903 2167 1278 2228 Mediatore:
1323 2181 1383 2229 et
1426 2170 1640 2231 timore
1684 2171 1802 2232 Dei
1848 2195 1912 2233 se

169 2249 459 2332 reprimit,
506 2273 586 2311 ne
641 2250 1019 2333 obtemperet
1071 2250 1191 2322 iroe,
1239 2263 1341 2312 aut
1397 2252 1526 2313 aliis
1576 2255 1911 2315 errantibus

170 2332 454 2392 motibus.
538 2331 623 2392 Et
666 2333 845 2393 simul
884 2333 1123 2394 invocat
1148 2334 1375 2408 Deum,
1403 2349 1464 2395 et
1507 2336 1660 2418 petit
1700 2337 1912 2397 auxili-

171 2436 309 2475 um:
360 2415 481 2476 Cor
523 2415 813 2475 mundum
862 2436 1004 2476 crea
1047 2417 1112 2476 in
1160 2439 1255 2477 me
1296 2417 1491 2478 Dea-5.
1576 2419 1735 2479 Cum
1795 2420 1912 2482 hoc

166 2496 350 2558 modo
385 2520 791 2591 repugnamus
827 2499 1122 2580 pravitati,
1150 2521 1285 2580 quae
1328 2499 1526 2561 adbuc
1556 2502 1781 2583 reliqua
1820 2515 1912 2564 est

167 2579 230 2641 in
274 2592 512 2655 renatis,
540 2592 825 2663 teguntur
869 2581 995 2642 haec
1042 2586 1215 2655 mala,
1243 2595 1303 2643 et
1345 2582 1565 2643 dicitur
1591 2595 1907 2666 peccatum

167 2684 286 2723 non
316 2685 591 2744 regnans,
619 2686 721 2725 seu
749 2664 1018 2725 veniale:
1062 2677 1124 2725 et
1153 2688 1273 2725 non
1304 2665 1627 2727 effunditur
1653 2667 1910 2750 Spiritus

168 2745 442 2806 Sanctus.
529 2746 712 2807 Hanc
752 2746 1085 2808 doctrinam
1129 2747 1204 2808 de
1246 2748 1589 2809 discrimine
1637 2763 1912 2831 peccato-

168 2847 302 2886 rum
352 2849 573 2900 veram,
620 2830 1015 2911 perspicuam,
1064 2842 1127 2891 et
1177 2830 1463 2892 Ecclesiae
1521 2833 1910 2894 necessariam

168 2930 297 2968 esse
340 2909 719 2971 manifestum
766 2924 874 2973 est.
955 2912 1057 2973 De
1094 2935 1214 2994 qua
1252 2926 1453 2973 tamen
1493 2915 1697 2993 quales
1739 2916 1909 2998 laby-

169 2990 355 3051 rinthi
398 2990 870 3074 disputationum
921 2995 1040 3056 sint
1087 2996 1147 3056 in
1207 2997 1370 3057 libris
1421 2995 1908 3073 adversariorum,

172 3073 346 3134 multi
378 3086 615 3135 norunt.
806 3092 835 3117 N
1873 3138 1888 3148 ,

252 3156 575 3237 Postquam
634 3179 772 3218 vero
830 3159 1083 3221 breviter
1136 3162 1524 3245 exposuimus
1597 3183 1903 3223 summum

167 3237 452 3300 doctrinae
492 3238 569 3299 de
600 3239 1047 3319 justificatione,
1076 3266 1237 3304 nunc
1266 3257 1328 3304 et
1365 3256 1737 3326 argumenta,
1766 3266 1905 3327 quae

167 3333 375 3381 contra
419 3321 574 3382 hanc
616 3324 970 3385 sententiam
1017 3326 1402 3405 objiciuntur,
1448 3326 1804 3408 explicanda
1844 3339 1907 3389 et

167 3403 479 3464 refutanda
519 3417 706 3465 erant.
791 3405 908 3466 Sed
949 3407 1090 3486 quia
1117 3408 1216 3467 alii
1252 3409 1365 3468 alia
1403 3408 1715 3487 objiciunt,
1742 3409 1908 3472 Con-

165 3485 483 3547 fessionem
529 3499 790 3547 nostram
836 3488 1234 3562 recitavimus,
1262 3502 1323 3551 et
1361 3490 1664 3552 offerimus
1694 3513 1803 3553 nos
1830 3492 1925 3555 ad-

164 3567 462 3663 longiores
489 3569 918 3652 explicationes
954 3570 1014 3631 in
1044 3571 1295 3654 singulis
1335 3573 1620 3636 membris
1654 3573 1907 3638 Confes-

167 3670 369 3716 aionis.

1648 3770 1682 3785 f
