2418 4172
0 790 18 894 ἰ

795 357 1334 412 HELVETICA.
1861 365 1934 421 69

175 513 365 567 tatem
426 501 728 564 distincta.
822 500 1024 563 Aliam
1091 501 1253 562 enim
1318 499 1551 560 faciunt
1618 503 1932 565 ecclesiam

178 585 561 659 militantem,
590 584 768 646 aliam
799 605 940 644 vero
980 583 1480 667 triumphantem.
1567 582 1798 645 Militat
1837 587 1936 646 illa

175 666 379 732 adhuc
405 668 468 729 in
499 667 689 741 terris,
712 677 778 728 et
801 676 991 727 certat
1020 687 1157 727 cum
1190 687 1387 741 carne,
1415 685 1555 726 cum
1599 666 1848 740 mund0,
1877 682 1938 728 et

175 751 450 837 fut-incipe
489 748 701 811 mundi
747 748 925 830 hujus
954 748 1239 821 Diabolo‚
1278 770 1434 810 cum-
1465 760 1715 831 peccato
1757 760 1937 830 atque

172 844 392 897 morte.
479 833 635 894 Haec
664 854 803 893 vero
831 831 978 892 rude
1008 831 1137 912 jam
1170 831 1414 905 donata,
1446 830 1507 890 in
1538 831 1698 892 coelo
1727 832 1939 893 trium-

177 916 331 1003 phat
355 915 435 978 de
461 915 590 977 istis
619 915 870 976 devictis
899 915 1204 988 omnibus,
1226 926 1287 975 et
1315 914 1548 975 exultat
1576 935 1780 975 coram
1808 915 1940 976 Do-

177 998 380 1063 minoe
422 998 822 1083 nihilominus
867 998 1094 1059 habent
1138 998 1253 1059 illae
1292 997 1448 1059 inter
1489 1019 1620 1058 sese
1662 1019 1940 1060 eommu-

180 1082 451 1156 nionem‚
477 1082 572 1143 vel
603 1080 1115 1161 conjunctionem.

262 1163 351 1228 Et
377 1165 644 1227 militans
672 1164 734 1226 in
764 1165 934 1225 terris
963 1163 1215 1226 ecclesia
1245 1185 1485 1246 semper
1511 1162 1804 1247 plurimas
1836 1163 1942 1224 ha-

180 1248 316 1311 buit
349 1248 735 1331 particularae
771 1247 1072 1321 ecclesias,
1098 1269 1232 1327 quae
1261 1258 1465 1307 tamen
1497 1268 1708 1307 omnes
1737 1245 1810 1307 ad
1841 1268 1943 1307 ve-

180 1330 420 1406 ritatem
470 1330 783 1392 catholicae
826 1330 1090 1391 ecelesioe
1134 1329 1485 1390 referuntur.
1573 1330 1729 1391 Haec
1772 1329 1944 1391 aliter

177 1412 302 1476 fuit
326 1413 600 1475 instituta
629 1424 768 1475 ante
796 1413 993 1506 legem
1028 1414 1180 1474 inter
1218 1412 1603 1506 patriarchas,
1632 1412 1803 1474 aliter
1830 1414 1943 1473 sub

183 1496 366 1559 Mose
406 1518 515 1579 per
551 1497 771 1578 legem,
801 1496 971 1556 ahter
1013 1518 1047 1555 a
1090 1495 1337 1556 Christo
1386 1517 1493 1578 per
1540 1494 1942 1577 evangelium.

174 1578 389 1662 ,Vulgo
426 1589 817 1639 numerantur
849 1576 972 1637 fere
1008 1577 1131 1637 duo
1161 1578 1390 1660 populi,
1418 1578 1823 1638 Israelitarum
1857 1577 1944 1638 vi-

181 1659 404 1738 dqlioet
429 1671 492 1720 et
518 1660 813 1740 gentium,
841 1659 936 1719 vel
965 1681 1172 1720 eorum
1205 1659 1312 1740 qui
1343 1681 1419 1719 ex
1446 1658 1679 1719 Judaeis
1708 1672 1771 1720 et
1798 1681 1946 1740 gen-

181 1741 347 1807 tibus
401 1741 636 1803 collecti
688 1752 831 1802 sunt
872 1741 932 1801 in
981 1741 1319 1813 ecclesiam,
1358 1741 1748 1802 Testamenta
1799 1742 1942 1802 item

181 1825 328 1901 dno,
351 1825 546 1887 Vetus
573 1835 636 1886 et
656 1823 927 1886 Novum.
1014 1823 1315 1884 Omnium
1346 1835 1553 1885 tamen
1586 1824 1800 1885 horum
1834 1847 1946 1907 po-

293 1930 467 1971 orum
510 1929 632 1968 una
668 1907 784 1969 fuit
823 1918 886 1967 et
923 1917 1016 1967 est
1050 1907 1322 1980 societas,
1361 1930 1480 1968 una
1518 1908 1678 1968 salus
1721 1908 1782 1968 in
1825 1930 1946 1968 uno

264 1992 435 2067 essia,
453 1990 514 2051 in
536 2013 662 2072 quo
683 2013 794 2052 ceu
827 1991 1099 2051 membra
1122 1990 1299 2051 unius
1322 1991 1588 2074 corporis
1617 1992 1730 2051 sub
1751 2013 1940 2052 unum

184 2085 374 2158 caput
397 2084 839 2136 connectuntur
864 2095 1096 2147 omnes,
1127 2073 1190 2133 in
1229 2072 1439 2133 eadem
1474 2073 1612 2147 fide,
1642 2074 1824 2135 etiam
1869 2074 1947 2135 de

187 2156 404 2226 eodem
432 2156 571 2218 cibo
597 2166 661 2217 et
687 2167 836 2238 potu
867 2155 1160 2239 spirituali
1190 2155 1636 2238 participantes,
1707 2158 1947 2239 Agnos-

188 2239 386 2302 cimus
407 2239 512 2301 hie
528 2251 730 2300 tamen
754 2238 987 2299 diversa
1006 2238 1191 2299 fuisse
1211 2251 1505 2322 tempora,
1528 2239 1759 2300 diversa
1782 2262 1947 2322 sym-

174 2322 347 2398 bola,
373 2321 652 2406 promissi
689 2333 751 2382 et
786 2321 1043 2382 exhibiti
1074 2321 1339 2396 Messioe,
1366 2322 1740 2404 sublatisque
1767 2345 1948 2384 coere-

184 2404 572 2481 monialibus,
599 2404 796 2465 lucem
831 2403 1004 2464 nobis
1039 2403 1421 2465 illustriorem
1452 2405 1671 2478 lucere,
1695 2417 1759 2467 et
1786 2406 1946 2467 dona

189 2488 456 2552 auctiora
482 2487 711 2559 donari,
740 2499 802 2547 et
830 2488 1171 2548 libertatem
1202 2509 1331 2547 esse
1359 2488 1711 2570 pleniorem.

179 2621 187 2628 .
274 2571 433 2634 Haec
465 2570 720 2632 ecclesia
759 2570 880 2631 Dei
921 2582 1145 2645 sancta,
1174 2582 1423 2632 vocatur
1455 2570 1674 2632 domus
1713 2571 1831 2631 Dei
1863 2571 1950 2631 vi·-

112 2710 118 2716 .
188 2654 406 2729 ventis,
426 2665 701 2715 extructa
729 2675 804 2713 ex
834 2653 1139 2736 lapidibus
1167 2654 1318 2715 vivis
1347 2666 1410 2715 et
1436 2653 1865 2736 spiritualibus,
1886 2667 1948 2715 et

183 2737 480 2822 imposita
513 2760 583 2798 su
664 2760 693 2798 r
728 2748 963 2820 petram
1002 2737 1346 2811 immotam,
1377 2759 1558 2820 super
1592 2738 1950 2798 fundamen-

191 2830 351 2895 tum,
383 2841 508 2902 quo
548 2843 584 2881 a
608 2819 712 2882 iud
753 2820 1030 2881 collocari
1074 2843 1196 2881 non
1239 2831 1473 2903 potest:
1517 2833 1578 2881 et
1621 2820 1757 2880 ideo
1797 2842 1950 2880 nun-

192 2916 449 2988 cupatur
474 2903 656 2964 etiam
688 2902 969 2965 columna
1008 2912 1067 2965 et
1097 2904 1258 2965 basi-5
1288 2904 1587 2976 veritatis,
1620 2923 1641 2962 1
1672 2903 1833 2963 Tim.
1863 2902 1947 2963 iii.

191 2985 339 3048 Non
377 2998 534 3050 errat
570 2986 691 3060 illa,
725 2986 1015 3068 quamdiu
1056 2986 1332 3047 innititur
1373 2998 1557 3067 petrae
1600 2985 1847 3045 Christo
1889 2998 1950 3046 et

184 3067 590 3131 -sundamento
616 3070 1048 3154 prophetarum
1079 3082 1141 3132 et
1169 3069 1598 3152 apostolorum.
1673 3068 1810 3129 Nec
1841 3069 1950 3128 mi·

195 3172 328 3212 rum
358 3151 406 3212 si
436 3164 609 3232 erret,
633 3152 869 3234 quoties
898 3152 1118 3213 deserit
1146 3153 1339 3226 illum,
1368 3152 1472 3235 qui
1503 3152 1663 3211 solus
1693 3163 1784 3211 est
1801 3151 1953 3211 veri-

194 3244 306 3295 tas.
369 3234 638 3295 Vocatur
671 3234 923 3296 ecclesia
956 3236 1138 3296 etiam
1162 3236 1330 3317 virgo
1359 3258 1430 3295 ac
1460 3257 1679 3316 sponsa
1701 3234 1951 3309 Christi,

192 3327 258 3378 et
284 3315 530 3400 quidem
563 3317 742 3378 unica
768 3329 831 3378 et
856 3317 1093 3379 dilecta.
1165 3318 1494 3414 Apostolus
1522 3316 1708 3389 enim,
1740 3329 1775 3378 2
1806 3316 1948 3378 Cor.

193 3399 280 3463 xi.
306 3399 587 3483 Adjunxi
622 3421 746 3472 vos,
786 3399 848 3459 in
895 3401 1002 3474 uit,
1033 3402 1144 3462 uui
1175 3421 1325 3474 ntra,
1361 3408 1432 3460 ut
1465 3400 1773 3484 virginem
1814 3420 1951 3462 cas-

192 3490 327 3545 tam
381 3483 739 3546 exhiberetis
808 3482 868 3543 C
902 3483 1069 3544 risto.
1159 3482 1426 3544 Vocatur
1488 3483 1739 3545 ecclesia
1802 3505 1949 3566 grex

79 3644 82 3646 ‚
192 3566 402 3629 ovium
442 3568 557 3628 sub
595 3588 717 3627 uno
747 3566 988 3627 Pastore
1016 3565 1280 3639 Christo,
1319 3565 1504 3660 idque
1530 3565 1690 3650 apud
1719 3565 1950 3628 Ezech.

198 3649 263 3711 in
304 3650 484 3734 capit.
513 3649 719 3714 xxxiv.
762 3660 825 3712 et
860 3648 1022 3732 apud
1061 3648 1368 3711 Joannem
1411 3670 1474 3711 ln
1516 3672 1648 3734 cap.
1686 3671 1744 3711 x.
1830 3650 1952 3711 Vo-
2012 3687 2020 3690 -

1680 3775 1714 3787 l
