2418 4172
444 318 553 371 232
1037 287 1525 370 c'oNFEsSIO

448 457 775 522 ostendunt
802 457 915 541 ipsi
947 479 1222 518 canones.
1308 456 1490 526 Quod
1530 456 1580 519 si
1620 478 1740 519 non
1772 468 1969 541 potest
1996 458 2192 541 impo-

449 542 610 618 trari,
639 551 706 602 ut
744 541 1082 604 relaxentur
1119 539 1583 613 observationes,
1612 561 1748 621 quae
1785 540 1914 603 sius
1941 551 2191 624 peccato

449 646 570 686 non
609 635 859 709 possunt
895 622 1176 707 praestari,
1204 634 1442 716 oportet
1470 644 1579 684 nos
1606 623 1875 705 regulam
1905 622 2192 705 apostoli-

450 728 583 769 cam
623 707 812 788 sequi,
840 729 975 788 quoe
1012 706 1303 789 praecipit,
1331 706 1468 767 Deo
1498 706 1689 788 magis
1718 705 1979 780 obedire,
2006 726 2191 800 quam

452 789 815 850 hominibus.
912 790 1117 850 Petrus
1176 801 1337 850 vetat
1392 788 1703 872 episcopos
1760 788 2078 862 dominari,
2130 797 2195 849 et

451 872 716 934 ecclesiis
746 873 1055 955 imperare.
1126 871 1312 933 Nunc
1341 894 1459 932 non
1492 870 1552 932 id
1584 870 1796 953 agitur,
1827 884 1894 934 ut
1921 870 2195 933 domins-

450 954 538 1019 tio
564 955 850 1038 eripiatur
877 954 1193 1037 episcopis,
1223 953 1325 1015 sed
1357 954 1472 1015 hoc
1503 976 1691 1016 unum
1801 955 1964 1028 titur,
1993 964 2062 1016 ut
2087 974 2196 1036 pa-

450 1037 677 1099 tiantur
718 1037 1097 1118 evangelium
1141 1058 1289 1119 pure
1330 1035 1549 1110 doceri,
1577 1048 1638 1099 et
1673 1059 1734 1097 re
1762 1049 1944 1099 axent
1972 1057 2194 1120 paucas

451 1119 740 1201 quasdam
797 1119 1259 1193 observationes,
1300 1140 1434 1199 quoe
1492 1118 1620 1179 sine
1674 1131 1924 1202 peccato
1977 1117 2196 1181 servari

452 1224 572 1262 non
596 1212 867 1284 possunt.
942 1199 1124 1268 Quod
1147 1201 1194 1260 si
1220 1200 1369 1260 nihil
1393 1200 1749 1274 remiserint,
1771 1202 1886 1284 ipsi
1914 1200 2198 1276 viderint,

452 1283 758 1365 quomodo
802 1283 940 1343 Deo
982 1281 1272 1344 rationem
1317 1281 1604 1343 reddituri
1648 1283 1790 1356 sint,
1816 1281 1980 1364 quod
2017 1282 2198 1366 perti·

453 1366 622 1427 nacia
646 1387 753 1427 sua
781 1386 1025 1427 causam
1056 1363 1365 1426 schismati
1396 1365 1686 1447 praebent.

1164 1507 1485 1592 Epilogus.

537 1611 628 1672 Hi
673 1622 816 1672 sunt
864 1610 1152 1694 praecipui
1203 1611 1456 1684 articuli,
1499 1611 1602 1692 qui
1655 1610 1935 1675 videntur
1979 1611 2200 1677 habere

454 1693 935 1767 controversiam,
963 1714 1311 1774 quanquam
1357 1694 1520 1756 enim
1567 1693 1643 1757 de
1684 1694 1958 1776 pluribus
2000 1693 2201 1757 abusi-

454 1777 568 1838 bus
605 1776 724 1838 dici
759 1787 1012 1859 poterat,
1041 1786 1247 1837 tamen
1293 1787 1357 1838 ut
1400 1776 1744 1858 fugeremus
1786 1777 2198 1860 prolixitatem

455 1860 758 1952 pnecipua
796 1858 1099 1941 complexi
1139 1880 1370 1933 sumus,
1398 1881 1474 1920 ex
1515 1860 1736 1940 quibus
1774 1871 1993 1923 coetera
2024 1859 2201 1925 heile

444 1942 701 2022 judicari
750 1953 1019 2025 possunt.
1104 1941 1351 2023 Magnae
1400 1942 1655 2022 quereloe
1702 1942 1949 2006 fuerunt
1988 1941 2066 2004 de
2106 1942 2201 2006 in-

452 2024 793 2107 dulgentiis,
835 2022 910 2084 de
960 2022 1561 2106 peregrinationibus,
1594 2024 1671 2087 de
1717 2025 1908 2087 abusu
1954 2045 2202 2090 exeom-

456 2106 902 2168 municationis.
989 2105 1293 2169 Parochioe
1358 2106 1775 2190 multipliciter
1831 2108 2209 2171 vexabantur

451 2212 559 2272 per
587 2188 980 2250 stationarios.
1067 2187 1332 2250 Infinitoe
1362 2190 1776 2252 contentiones
1803 2201 1975 2253 erant
2001 2202 2205 2275 pasto-

454 2272 618 2333 ribus
657 2294 799 2334 cum
839 2271 1174 2345 monachis,
1202 2271 1278 2334 de
1305 2271 1445 2352 jure
1476 2273 1825 2355 parochiali,
1852 2273 1928 2335 de
1970 2273 2204 2338 confes-

454 2355 742 2429 sionibus,
769 2354 845 2417 de
886 2354 1227 2437 sepulturis,
1255 2353 1332 2416 de
1373 2355 1855 2419 extraordinariis
1896 2356 2195 2422 concioni-

456 2439 587 2512 bus,
615 2449 676 2498 et
704 2437 779 2500 de
810 2436 940 2499 aliis
971 2436 1508 2501 innumerabilibus
1546 2438 1741 2501 rebus.
1827 2437 2200 2520 Hujusmodi

455 2521 695 2601 negotia
736 2519 1248 2603 praetermisimus,
1291 2530 1360 2581 ut
1418 2519 1538 2594 illa,
1579 2543 1715 2602 quae
1773 2533 1916 2585 sunt
1965 2521 2027 2584 in
2087 2521 2202 2586 hac

454 2602 1635 2767 ⁰⁸¹2ssssn¹1³aei³sl2¹q⁸debffii³ffiissss‘ffl‘ssa
1655 2603 2201 2750 f3i²1³s¹ss¹13⁸00⁶2⁸m⁸⁰⁸
2007 2604 2205 2751 mma

455 2707 596 2830 lilim
628 2766 858 2829 dictum
892 2778 997 2831 sut
1024 2768 1344 2831 collectum
1375 2781 1484 2831 est.
1561 2769 1828 2834 Tantum
1859 2792 1931 2833 es
1954 2770 2205 2835 recitata

455 2862 614 2925 sunt,
640 2871 779 2932 quae
806 2849 1163 2914 videbantur
1188 2853 1522 2914 necessario
1550 2851 1808 2915 dicenda
1835 2875 1985 2927 esse,
2015 2864 2086 2915 ut
2111 2852 2204 2917 in·

456 2934 581 2995 telli
630 2933 642 2945 ’
698 2933 889 3016 possit
937 2932 997 2994 in
1046 2933 1320 2998 doctn'm
1365 2957 1434 2998 ac
1478 2936 1852 3013 ceremoniis,
1884 2934 2048 3019 apud
2092 2957 2204 3000 nos

457 2955 767 3079 nibiflesse
793 3027 1100 3100 receptum
1132 3028 1341 3080 contra
1369 3018 1741 3102 Scripturam
1764 3029 1870 3083 aut
1887 3018 2202 3083 ecclesiam

456 3099 838 3174 catholicam,
867 3098 1010 3182 quia
1048 3100 1434 3165 manifestum
1466 3114 1577 3177 est,
1605 3124 1715 3164 nos
1743 3100 2205 3187 diligentissimo

458 3182 702 3260 cavisse,
728 3204 807 3245 ne
843 3203 963 3264 qua
1002 3204 1156 3246 nova
1192 3195 1254 3247 et
1289 3184 1477 3268 impia
1513 3184 1803 3268 dogmata
1834 3185 1895 3248 in
1925 3184 2203 3250 ecclesias

457 3276 686 3438 nom
720 3276 1111 3443 articurleotiit·su
1159 3371 1220 3411 ra
1264 3350 1374 3412 scri
1448 3372 1537 3425 os,
1573 3351 1876 3415 voluimus
1915 3346 2201 3414 exhibere

448 3443 629 3507 Juxta
658 3430 925 3494 edictum
956 3431 1028 3495 C.
1139 3479 1153 3495 .
1181 3433 1246 3495 in
1275 3435 1379 3514 qui
1428 3456 1496 3496 us
1524 3433 1840 3498 Confessio
1866 3440 2069 3494 ποια-ι
2094 3450 2201 3492 ex·

460 3524 629 3585 taret,
649 3524 711 3575 et
738 3535 945 3577 eorum
977 3515 1082 3596 qui
1104 3515 1265 3599 apud
1289 3538 1399 3579 nos
1418 3515 1637 3581 docent
1656 3513 1942 3579 doctrina
1960 3532 2200 3577 namma

2394 1620 2418 2438 ἐ

2394 2506 2418 2877 i

2383 2884 2418 3601 Ξ

2356 3817 2418 4172 l
