2418 4172
0 974 9 1021 Ξ

19 3679 58 3759 ²⁵⁰5ss
18 3378 55 3662 &arf—*vtin-
39 3350 51 3364 .
7 3250 24 3282 ‘⁸

553 342 1111 398 AUGUSTANA
1166 343 1530 397 MDxxxl.
1812 349 1910 402 lm

169 498 367 569 ost-'n
406 485 510 547 rel'
560 485 832 559 ionis‚eo
871 484 1077 557 modo,
1107 505 1230 567 quo
1267 482 1343 546 V.
1378 485 1448 546 C.
1493 485 1583 545 M.
1624 489 1914 568 agendam

163 579 491 634 “tractari
536 589 634 631 am
663 567 964 652 sapienter
988 566 1183 642 duxit,
1202 567 1451 640 scilicet,
1478 589 1620 629 cum
1647 569 1753 629 tali
1787 593 1918 632 mu-

157 662 279 716 -ωι
315 651 780 737 praesentatione
819 650 1180 733 scriptorum
1226 673 1297 711 ac
1335 650 1539 711 sedata
1582 650 1921 726 collatione,

165 734 330 800 inte·
373 755 483 797 uos
531 757 653 796 non
703 733 1075 816 processerit,
1112 755 1226 794 nec
1271 733 1474 815 aliquo
1521 732 1718 793 fructu
1762 733 1920 796 facta

170 817 371 894 fisa-it,
401 839 513 879 nos
554 816 800 901 quidem
846 827 1133 877 testatum
1175 816 1334 877 clare
1377 814 1792 895 relinquimus,
1822 818 1921 877 hic

164 900 326 963 nihil
369 922 497 975 nos,
538 899 701 982 quod
744 898 819 960 ad
861 898 1271 960 Christianam
1323 898 1703 960 concordiam
1757 901 1921 982 (quae

171 1004 315 1047 cum
344 982 484 1046 Deo
517 996 579 1044 et
615 984 774 1043 bona
803 982 1169 1043 conscientia
1195 982 1324 1043 fieri
1356 980 1571 1064 possit)
1602 982 1925 1043 concilian-

167 1064 312 1131 dam
343 1064 681 1128 conducere
708 1077 911 1147 queat,
933 1065 1056 1126 ullo
1086 1064 1269 1126 modo
1296 1064 1645 1126 detrectare.
1695 1066 1924 1135 Quem-

166 1147 500 1212 admodum
532 1160 596 1210 et
622 1149 698 1210 V.
725 1148 802 1210 C.
834 1148 926 1210 M.
952 1147 1172 1210 deinde
1201 1159 1261 1209 et
1297 1148 1495 1209 coeteri
1529 1147 1835 1223 electores,
1860 1161 1925 1208 et

167 1240 363 1295 mas
414 1230 672 1315 imperii,
721 1243 783 1293 et
830 1253 1063 1305 omnes,
1115 1231 1461 1312 quicunque
1510 1230 1744 1291 sincero
1793 1231 1926 1292 reli-

169 1314 371 1399 gionis
414 1335 619 1376 amore
664 1336 737 1376 ac
784 1314 988 1376 studio
1031 1325 1333 1389 tenentur,
1371 1314 1720 1395 quicunque
1770 1314 1926 1374 hanc

172 1417 420 1462 cau-m
456 1418 634 1479 aequo
667 1397 873 1459 animo
905 1395 1162 1458 audituri
1195 1408 1355 1469 sunt,
1384 1418 1460 1457 ex
1492 1396 1606 1458 hac
1634 1407 1837 1460 nostra
1865 1408 1927 1456 et

172 1491 515 1543 uosuwum
553 1480 926 1543 confessione
965 1480 1083 1541 hoc
1120 1480 1449 1541 clementer
1474 1501 1838 1562 cognoscere
1863 1491 1929 1539 et

172 1562 507 1647 intelligere
531 1562 961 1645 dignabuntur.

241 1645 419 1709 Cum
462 1645 645 1707 etiam
688 1645 766 1706 V.
788 1644 875 1704 C.
907 1644 1003 1709 Μ.
1038 1643 1423 1715 electoribus,
1451 1640 1826 1724 principibus
1862 1655 1930 1702 et

170 1726 418 1812 reliquis
445 1727 699 1788 statibus
729 1726 967 1809 imperii
1000 1746 1120 1786 non
1152 1746 1272 1786 una
1300 1724 1451 1798 vice,
1479 1723 1583 1784 sed
1615 1745 1774 1805 saepe
1810 1724 1931 1784 cle-

171 1812 409 1873 benoer
432 1809 878 1893 significaverit,
906 1819 969 1869 et
993 1808 1059 1868 in
1084 1806 1348 1869 comitiis
1369 1806 1775 1889 Spirensibus,
1793 1828 1929 1888 quae

169 1913 333 1957 nno
366 1892 626 1958 Domini
670 1903 785 1954 etc.
829 1890 1071 1952 XXVI.
1116 1890 1324 1951 habita
1367 1902 1527 1964 sunt,
1568 1911 1644 1950 ex
1687 1888 1828 1950 data
1868 1902 1931 1950 et

171 1976 518 2061 ascripta
564 1977 760 2038 forma
808 1987 1019 2036 vestrae
1066 1974 1357 2035 Caesareoe
1416 1971 1825 2034 instructionis
1870 1984 1933 2033 et

172 2059 616 2124 commissionis
665 2058 918 2132 recitari,
964 2068 1028 2118 et
1084 2057 1328 2140 publice
1385 2056 1629 2139 praelegi
1683 2056 1893 2117 fecerit
1914 2081 1931 2115 ε

172 2153 435 2205 vestram
477 2143 571 2204 M.
602 2142 662 2202 in
704 2142 822 2202 boc
860 2139 1106 2223 negotio
1142 2139 1449 2221 religionis
1477 2161 1552 2200 ex
1584 2139 1779 2200 causis
1809 2161 1934 2199 cer-

174 2224 274 2300 tis.
316 2246 458 2308 que
506 2226 583 2287 V.
634 2224 727 2286 M.
778 2223 1026 2284 nomine
1075 2222 1347 2305 allegatas
1398 2234 1557 2297 sunt,
1601 2244 1722 2282 non
1779 2222 1932 2282 velle

173 2308 501 2391 quicquam
550 2307 971 2381 determinare,
1015 2327 1130 2366 nec
1177 2305 1538 2368 concludere
1588 2326 1783 2387 posse,
1828 2304 1931 2365 sed

173 2390 714 2487 qud-*pontificem
747 2389 1095 2451 Romanum
1133 2410 1243 2471 pro
1278 2386 1477 2449 officio
1505 2388 1581 2448 V.
1614 2388 1687 2448 C.
1720 2387 1815 2448 M.
1841 2387 1935 2448 di-

472 2473 747 2536 daturam
783 2493 1041 2556 operam
1085 2471 1164 2532 de
1207 2470 1633 2565 congregando
1675 2469 1935 2531 concilio

173 2557 459 2643 poetali.
547 2555 1083 2627 Quemadmodum
1134 2554 1295 2615 idem
1350 2554 1528 2615 latius
1585 2553 1932 2636 expositum

172 2639 447 2703 &vante
480 2659 713 2702 annum
758 2640 819 2700 in
865 2639 1111 2722 publico
1153 2638 1438 2720 proximo
1471 2647 1795 2709 conventu,
1830 2635 1934 2716 qui

175 2721 366 2806 Spirae
398 2734 793 2806 congregatus
828 2722 960 2783 fuit.
1048 2722 1174 2783 Ubi
1221 2721 1296 2781 V.
1337 2721 1408 2780 C.
1436 2721 1543 2788 ,Μ.
1578 2742 1694 2801 per
1743 2718 1937 2780 domi-

176 2826 327 2873 num
349 2804 820 2880 Ferdinandum,
842 2804 1116 2866 Boemiae
1139 2815 1200 2864 et
1227 2804 1514 2885 Ungariae
1538 2824 1763 2884 regem,
1787 2800 1936 2860 ami-

176 2908 320 2949 cum
358 2899 421 2949 et
455 2887 771 2950 dominum
812 2889 1176 2950 clementem
1209 2897 1483 2947 nostrum
1513 2912 1528 2956 ;
1574 2883 1792 2944 deinde
1831 2905 1938 2965 per

176 2980 474 3032 oratorem
517 2982 580 3032 et
620 2971 1063 3032 commissarios
1099 2970 1421 3038 CoesareoS,
1455 2968 1586 3028 baec
1625 2967 1785 3026 inter
1823 2987 1937 3026 coe-

177 3062 306 3114 tera
347 3053 599 3137 proponi
644 3053 1010 3134 fecitpquod
1047 3054 1122 3114 V.
1162 3052 1232 3113 C.
1276 3051 1369 3112 M.
1413 3049 1833 3120 intellexisset,
1877 3059 1938 3107 et

178 3134 564 3219 expendisset
598 3136 801 3197 locum
842 3136 1106 3197 tenentis
1134 3135 1212 3196 V.
1243 3134 1314 3194 C.
1351 3133 1443 3193 M.
1472 3134 1532 3192 in
1574 3131 1850 3212 imperi0,
1877 3142 1939 3190 et

177 3216 555 3301 praesidentis
582 3229 645 3279 et
673 3218 1148 3279 consiliariorum
1182 3219 1242 3277 in
1274 3216 1592 3298 regimine,
1622 3225 1684 3272 et
1716 3213 1940 3295 legato-

177 3321 315 3362 rum
340 3302 417 3361 ab
440 3300 570 3361 aliis
594 3300 866 3372 statibus,
929 3301 991 3361 ui
1019 3300 1369 3361 Ratisbonae
1392 3306 1819 3368 convenerant,
1837 3294 1936 3356 de-

177 3382 595 3445 liberationem
627 3382 703 3443 de
732 3383 901 3443 conci
929 3383 988 3442 io
1017 3379 1460 3463 congregando,
1536 3377 1622 3438 Et
1653 3377 1818 3458 quod
1835 3377 1942 3458 ju-

179 3464 406 3528 dicaret
442 3466 627 3527 etiam
656 3465 731 3525 V.
762 3464 832 3525 C.
864 3463 956 3524 M.
993 3463 1142 3531 utile
1185 3485 1333 3533 esse,
1363 3473 1433 3523 ut
1475 3471 1942 3543 congregaretur

181 3548 525 3623 concilium,
567 3559 629 3609 et
683 3548 825 3629 quia
881 3568 1093 3617 causae,
1140 3567 1276 3627 quae
1335 3554 1466 3606 tum
1528 3543 1943 3604 tractabantur

182 3631 341 3693 inter
380 3632 455 3693 V.
488 3631 559 3692 C.
597 3631 687 3692 M.
732 3641 794 3691 et
839 3629 1020 3690 Rom.
1063 3628 1440 3711 pontificem,
1479 3625 1700 3687 vicinae
1743 3638 1942 3686 essent
2011 3687 2020 3691 ,

1679 3776 1715 3788 l
