2418 4172
466 355 572 410 126
824 318 828 322 ’
1112 354 1599 410 conensem

466 519 679 561 vocem
707 496 976 559 Christi:
1022 495 1250 559 Sedent
1272 498 1496 561 Scriba
1524 506 1584 559 et
1603 496 1906 559 Phar-isai
1921 497 1988 559 in
2014 496 2219 561 callue-

464 581 583 644 dra
612 580 836 643 Moisis
871 591 986 642 etc.
1073 580 1158 642 Et
1200 593 1570 643 sacramenta
1598 592 1660 641 et
1687 580 1937 642 verbum
2125 591 2219 643 ter

463 663 901 730 ordinationem
954 674 1016 725 et
1067 663 1416 725 mandatum
1463 662 1690 725 Christi
1740 673 1883 724 sunt
2140 663 2216 738 ἰ,

462 747 701 810 etiamsi
730 768 839 831 per
870 746 1060 807 malos
1089 746 1506 808 exhibeantur.
2038 794 2043 801 .

544 829 861 892 Damnant
889 828 1241 890 Donatistas
1278 841 1341 890 et
1382 827 1626 901 similes,
1654 827 1758 908 qui
1803 826 2111 909 negabant
2145 826 2220 889 li-

463 934 596 974 cere
641 913 726 974 uti
774 911 1105 973 ministerio
1147 910 1443 973 malorum
1490 911 1552 972 in
1594 910 1865 983 ecclesia,
1895 920 1957 971 et
1999 908 2218 972 sentie-

464 996 611 1057 bant
639 993 1036 1057 ministerium
1066 994 1365 1055 malorum
1395 993 1610 1055 inutile
1634 1005 1696 1054 et
1727 991 2006 1054 inefficax
2033 1013 2185 1055 esse.

979 1136 1095 1199 IX.
1140 1137 1250 1199 De
1277 1137 1621 1219 Baptismo.

462 1220 615 1302 DE
643 1238 947 1324 baptismo
974 1237 1215 1312 docent,
1244 1237 1411 1333 quod
1438 1238 1517 1300 sit
1543 1237 1912 1300 necessarius
1945 1237 2024 1300 ad
2059 1237 2218 1301 salu-

460 1335 607 1398 tem,
636 1321 920 1404 quodque
962 1343 1070 1404 per
1105 1322 1477 1403 baptismum
1517 1319 1799 1381 offeratur
1969 1319 2027 1382 ‘a
2051 1318 2217 1393 Βοὴ

461 1417 523 1468 et
564 1404 727 1487 quod
768 1403 938 1488 pueri
982 1403 1103 1498 sint
1146 1401 1512 1497 baptizandi,
1545 1402 1650 1483 qui
1690 1422 1801 1496 per
1833 1330 2218 1490 ffiptiismum

460 1488 647 1549 oblati
676 1487 816 1549 Deo
843 1486 1209 1581 recipiantur
1236 1506 1298 1546 in
1329 1497 1582 1581 gra-tiam
1612 1484 1755 1545 Dei.
1991 1565 2006 1579 ⁹

542 1570 861 1632 Damnant
878 1571 1326 1653 Anabaptistas,
1344 1590 1450 1650 qui
1472 1568 1821 1662 improbant
1842 1567 2215 1652 baptismum

461 1675 804 1797 gne-rorum,
830 1664 893 1714 et
936 1652 1235 1714 affirmant
1273 1673 1489 1735 pueros
1527 1672 1656 1712 sine
1694 1650 1999 1734 baptismo
2022 1649 2217 1712 salvos

507 1758 611 1798 eri.

956 1857 1040 1920 X.
1087 1856 1191 1920 De
1225 1856 1415 1922 Coena
1444 1855 1722 1921 Domini.

462 1961 615 2044 DE
642 2003 820 2043 coena
845 1978 1102 2041 Domini
1143 1978 1385 2053 docent,
1412 1978 1576 2059 quod
1619 1999 1839 2061 corpus
1874 1989 1940 2039 et
1973 1978 2219 2062 sanguis

462 2065 691 2133 Christi
736 2085 872 2124 vere
915 2062 1133 2135 adsint,
1160 2073 1224 2122 et
1264 2060 1702 2123 distribuantur
1736 2060 2116 2123 vescentibus
2151 2060 2216 2123 in

462 2170 639 2210 coena
667 2145 939 2220 Domini,
966 2155 1029 2205 et
1056 2144 1407 2226 improbant
1434 2165 1608 2205 secus
1636 2143 1942 2229 docentes.

981 2287 1101 2349 XI.
1145 2287 1251 2348 De
1284 2283 1696 2370 Confessione.

463 2373 615 2455 DE
652 2392 1030 2455 confessione
1072 2389 1312 2461 docent,
1341 2387 1505 2470 quod
1549 2387 1848 2449 absolutio
1886 2387 2119 2471 privata
2151 2386 2217 2448 in

463 2476 729 2538 ecclesiis
759 2471 1068 2536 retinenda
1097 2473 1196 2545 sit,
1216 2492 1565 2553 quanquam
1596 2471 1656 2531 in
1688 2469 2065 2531 confessione
2091 2490 2217 2531 non

465 2560 543 2620 sit
572 2556 902 2619 necessaria
929 2555 1207 2616 omnium
1246 2554 1603 2615 delictorum
1637 2552 2030 2614 enumeratio.
2099 2550 2219 2613 Est

463 2641 627 2703 enim
673 2637 1061 2723 impossibilis
1080 2638 1263 2718 juxta
1286 2635 1631 2697 Psalmum:
1676 2634 1933 2697 Delicta
1958 2634 2096 2718 φάε
2122 2634 2218 2697 in-

463 2723 696 2807 telligit
715 2723 755 2783 Ρ

975 2843 1108 2907 XII
1117 2890 1131 2905 .
1177 2842 1282 2905 De
1310 2840 1707 2904 Poenitentia.

467 2956 618 3037 DE
666 2971 1030 3057 poenitentia
1072 2968 1310 3042 docent,
1342 2968 1507 3050 quod
1558 2968 1739 3051 lapsis
1796 2978 1936 3051 post
1990 2966 2218 3052 baptis-

467 3077 635 3118 mum
681 3054 1029 3137 contingere
1070 3052 1261 3137 possit
1302 3052 1575 3113 remissio
1618 3063 2024 3134 peccatorum,
2062 3053 2217 3133 quo-

464 3161 705 3221 cunque
733 3149 1006 3222 tempore
1035 3157 1173 3199 cum
1204 3146 1650 3197 convertuntur.
1720 3132 1809 3195 Et
1832 3131 1997 3216 quod
2024 3131 2216 3195 eoele-

464 3223 553 3284 sia
595 3222 817 3284 talibus
861 3219 1252 3282 redeuntibus
1298 3217 1371 3279 ad
1423 3216 1845 3302 poenitentiam
1890 3212 2215 3278 absolutio-

466 3327 604 3367 nem
637 3303 931 3388 impertiri
962 3302 1198 3365 debeat.
1896 3309 1900 3314 '

547 3388 803 3450 Constat
829 3397 1032 3448 autem
1057 3383 1420 3470 poenitentia
1443 3382 1682 3468 proprie
1703 3380 1799 3444 bis
1817 3378 2061 3472 <habuc
2079 3396 2215 3461 ptr·

466 3468 657 3531 tibus:
701 3471 884 3531 altera
920 3480 1031 3545 est,
1056 3467 1343 3531 contritio
1381 3488 1487 3529 seu
1529 3478 1780 3527 tenore·
1817 3461 2037 3524 ium-n
2066 3480 2214 3522 oon·
2350 3465 2361 3472 '

465 3550 728 3613 scientioe
757 3551 964 3634 agnito
990 3562 1257 3636 peccato.
1327 3549 1537 3611 Altera
1565 3561 1678 3622 est,
1704 3544 1875 3619 fidet,
1898 3563 2038 3626 qun
2068 3563 2214 3605 con-

464 3630 686 3715 cipitur
722 3654 795 3694 ex
835 3634 1165 3715 evangelio,
1193 3654 1300 3694 seu
1338 3629 1735 3700 absolutione,
1761 3638 1824 3689 et
1850 3623 2040 3690 credit
2073 3645 2212 3710 pro-
