2418 4172
439 314 551 367 214
1070 313 1555 369 CONFESSIO

445 454 650 517 nantia
677 476 818 516 cum
849 453 1134 516 mandato
1161 453 1384 516 divino.
1455 454 1540 516 Et
1568 465 1815 516 eventus
1845 454 1972 539 ipse
2006 464 2188 516 testa·

443 549 545 599 tur
599 547 872 599 naturam
930 537 1164 619 legibus
1222 536 1502 600 humanis
1557 560 1677 599 non
1728 558 1904 631 posse
1952 536 2188 599 mutari.

445 618 740 681 Videmus
770 630 1065 699 quantum
1095 619 1485 702 turpitudinis
1515 620 1708 702 pariat
1728 620 1831 680 nne
1855 619 2190 681 coelibatus.

447 701 542 764 Ac
584 702 632 762 si
677 702 780 782 qui
826 714 966 762 sunt
1010 702 1149 762 boni
1194 702 1323 776 viri,
1352 702 1455 782 qui
1496 702 1742 763 student
1768 724 1898 764 esse
1927 702 2096 774 casti,
2126 700 2189 762 hi

450 783 793 865 intelligunt
820 784 1014 845 oneris
1043 796 1105 845 et
1134 785 1379 866 periculi
1418 784 1916 866 magnitudinem,
1943 796 2006 846 et
2043 802 2203 866 prae-·

449 866 627 950 cipue
656 866 970 949 deplorant
1000 865 1156 927 hanc
1178 868 1267 927 sui
1292 867 1516 928 ordinis
1538 868 1907 929 servitutem.
1980 867 2054 928 ln
2077 865 2195 927 Ni-

449 970 599 1010 cena
639 948 869 1029 synodo
905 947 1154 1028 quidam
1181 950 1378 1010 conati
1411 962 1552 1010 sunt
1581 951 1635 1010 le
1678 971 1775 1010 em
1805 949 1977 1022 serre,
2006 961 2076 1010 ut
2102 969 2196 1009 sa·

447 1029 787 1092 cerdotibus
843 1029 1293 1091 interdiceretur
1339 972 1771 1092 consuetudine
1820 1030 2192 1114 conjugum:

449 1110 760 1195 repudiata
799 1122 892 1172 est
928 1111 1060 1172 hoec
1087 1111 1185 1172 lex
1215 1113 1293 1173 ab
1322 1113 1596 1175 universa
1624 1135 1652 1173 s
1698 1112 1877 1175 nodo.
1956 1112 2044 1175 Et
2078 1111 2196 1174 fuit

450 1193 757 1275 quondam
792 1192 992 1254 mitior
1019 1193 1241 1254 Latina
1269 1194 1537 1255 ecclesia.
1678 1206 1886 1256 autum
1916 1195 2080 1257 enim
2104 1193 2196 1255 di·

451 1276 732 1337 mittebat
770 1298 805 1336 a
844 1274 1187 1335 ministeriis
1216 1297 1337 1349 eos,
1364 1276 1467 1356 qui
1500 1297 1639 1336 cum
1671 1286 1945 1357 gererent
1973 1297 2196 1338 munus

450 1356 922 1419 ecclesiasticum
964 1356 1267 1418 ducebant
1301 1379 1536 1431 uxores,
1569 1379 1687 1418 non
1718 1357 2029 1440 prohibuit
2056 1378 2200 1419 con-

443 1439 707 1521 jugium.
794 1440 949 1500 Haec
990 1460 1142 1500 nova
1180 1440 1279 1500 lex
1314 1451 1406 1500 est
1442 1440 1823 1534 pontificum,
1852 1438 2059 1523 ignota
2097 1462 2200 1503 ve-

450 1523 560 1583 teri
591 1522 855 1584 ecclesiae
884 1544 955 1583 ac
982 1521 1246 1604 synodis,
1276 1544 1412 1603 quoe
1440 1544 1500 1585 in
1532 1534 1729 1585 totum
1752 1521 2035 1606 probibet
2052 1543 2200 1585 con·

442 1604 636 1686 jugia,
668 1615 730 1665 et
758 1615 1063 1665 contracta
1090 1603 1384 1666 distrahit.

536 1686 791 1748 Constat
841 1698 1041 1747 autem
1094 1698 1412 1767 utramque
1461 1699 1694 1770 partem
1745 1686 1926 1767 hujus
1974 1684 2196 1748 decreti

452 1790 719 1852 pugnare
762 1790 902 1830 cum
946 1769 1272 1851 evangelio.
1355 1769 1670 1852 Allegatur
1706 1781 1913 1831 contra
1949 1790 2061 1830 nos
2101 1790 2200 1831 ec-

453 1851 647 1913 clesiae
676 1864 739 1912 et
766 1850 1135 1933 synodorum
1168 1850 1472 1925 autoritas,
1499 1873 1680 1932 quam
1722 1851 2039 1934 pontifices
2080 1851 2197 1935 ipsi

456 1933 635 2014 hujus
691 1933 911 1995 decreti
970 1943 1203 1993 autores
1260 1933 1645 2016 impudenter
1688 1944 2199 2016 contempserunt.

454 2015 591 2078 Nec
655 2018 907 2077 obscure
969 2016 1445 2076 reclamaverunt
1507 2015 1592 2098 pii
1658 2014 1991 2077 sacerdotes
2057 2014 2203 2077 huic

455 2120 624 2160 novae
680 2098 819 2179 legi.
902 2097 1067 2158 Nam
1130 2097 1390 2159 historiae
1438 2097 1852 2159 ecclesiasticae
1906 2108 2204 2160 testantur

453 2203 585 2242 eam
618 2203 740 2242 non
769 2180 897 2241 sine
925 2178 1227 2241 acerrimis
1255 2180 1684 2243 certaminibus
1707 2181 1787 2241 im
1874 2180 2048 2242 sitam
2073 2201 2202 2242 esse

451 2263 738 2325 ecclesiis.
820 2262 1280 2324 Tarraconensis
1323 2263 1642 2346 episcopus
1685 2264 1795 2324 scri
1843 2264 1891 2324 it
1932 2262 2007 2324 ad
2036 2262 2203 2345 Syri·

458 2346 619 2406 cium
652 2345 1020 2428 pontificem,
1044 2345 1378 2407 sacerdotes
1409 2345 1717 2427 Hispanos
1746 2367 1867 2406 non
1895 2366 2071 2427 posse
2098 2344 2203 2406 ad·

457 2427 617 2501 duci,
647 2440 715 2490 ut
743 2428 938 2509 legem
972 2426 1289 2510 accipiant,
1308 2450 1428 2508 qua
1457 2426 1920 2498 interdicebatur
1946 2426 2032 2489 eis
2059 2447 2204 2488 con-

458 2510 776 2571 suetudine
805 2530 1081 2570 uxorum.
1166 2511 1333 2579 Quas
1371 2510 1500 2591 ipse
1531 2507 1854 2591 tragoedias
1882 2509 2007 2592 agit
2033 2508 2203 2592 Syri-

459 2592 625 2655 cius!
669 2612 850 2672 quam
883 2590 1274 2653 inclementer
1300 2591 1606 2654 rescribit!

545 2673 699 2736 Haec
741 2674 903 2738 enim
947 2683 1087 2736 sunt
1128 2677 1172 2737 S
1215 2674 1341 2736 ricii
1384 2676 1583 2747 verba,
1611 2673 1856 2755 indigna
1885 2671 2203 2755 pontifice:

459 2764 494 2792 “
524 2756 709 2819 Dicat
738 2753 891 2818 mihi
926 2778 1087 2818 nunc
1121 2757 1159 2818 i!
1186 2779 1238 2828 e,
1267 2757 1539 2838 quisquis
1576 2770 1684 2829 est,
1713 2766 1970 2817 sectator
2006 2755 2206 2818 libidi-

459 2847 497 2876 “
527 2861 698 2913 num,
742 2851 1189 2922 praeceptorque
1239 2840 1517 2904 vitiorum
1539 2839 1590 2899 ?”
1642 2839 1725 2901 Et
1774 2837 1992 2900 deinde
2035 2837 2204 2900 Pauli

462 2922 692 2984 dictum
745 2921 1177 2984 alienissimum
1235 2921 1552 3004 detorquet
1600 2921 1674 2983 ad
1721 2943 1891 2984 suam
1939 2941 2205 2994 causam,

472 3005 599 3071 Qui
636 3006 700 3067 in
737 3025 918 3067 carne
956 3012 1099 3068 sunt
1129 3003 1376 3087 placere
1406 3005 1547 3067 Deo
1579 3027 1696 3068 nou
1719 3012 1987 3086 ponunt.
2068 3002 2207 3065 Du·

466 3088 635 3150 bium
686 3086 956 3171 profecto
1008 3099 1118 3161 est,
1151 3100 1352 3150 utrum
1403 3088 1652 3150 inscitiae
1695 3109 1772 3148 an
1816 3085 2206 3172 impudentia

465 3169 882 3234 ascribendum
932 3169 1029 3244 sit,
1070 3169 1232 3264 quod
1279 3183 1404 3233 tam
1456 3169 1890 3233 contumeliose
1943 3168 2207 3252 loquitur

466 3252 542 3314 de
569 3252 868 3336 conjugio.
951 3252 1128 3316 Nihil
1158 3254 1320 3315 enim
1353 3254 1638 3334 agebatur
1665 3252 1846 3328 aliud,
1875 3250 1986 3315 nisi
2017 3260 2086 3312 ut
2115 3248 2206 3310 in·

468 3335 852 3398 terdiceretur
888 3334 1295 3398 sacerdotibus
1340 3357 1449 3418 usu
1489 3335 1840 3418 conjugum,
1867 3352 2016 3415 quas
2055 3340 2203 3393 tunc

469 3417 787 3481 habebant.
834 3418 1073 3481 Deinde
1096 3418 1447 3503 posteriores
1470 3419 1784 3503 pontifices
1807 3415 2000 3478 multo
2018 3411 2201 3474 etiam

467 3498 731 3562 duriores
780 3501 1036 3563 fuerunt.
1122 3502 1282 3564 Cum
1339 3501 1642 3564 decretum
1697 3493 2075 3582 pontificium
2124 3493 2204 3558 de

469 3580 814 3660 abjiciendis
833 3584 1121 3646 uxoribus
1151 3584 1211 3645 in
1235 3583 1557 3646 Germania
1579 3580 1849 3645 meimet
1877 3576 1940 3640 in
1967 3574 2160 3661 synod
