2418 4172
803 348 1345 404 HELVETICA.
1834 356 1939 409 115

194 510 296 553 eos
335 491 444 588 qui
476 490 754 575 gratiam
795 511 839 552 a
880 489 1022 553 Deo
1063 491 1383 567 consecuti,
1410 499 1471 553 et
1493 492 1636 575 jam
1678 492 1939 557 heredes

188 592 366 657 regna
399 575 612 636 «τέθνηκ’
627 570 810 659 facti
844 579 1032 635 sunt.-
1076 573 1187 635 hoc
1229 582 1429 636 tamen
1469 596 1641 636 omne
1682 576 1766 636 ad
1799 578 1938 659 glo-

187 655 349 717 riam
378 654 507 717 Dei
533 665 593 718 et
628 656 863 719 Christi
885 654 1242 740 referentes.

271 736 391 799 xl.
419 738 597 800 Clare
622 750 1028 822 protestamur
1055 761 1164 800 nos
1192 737 1534 822 peregrinas
1563 748 1625 799 et
1665 760 1935 800 erroneas

187 817 489 883 doctrinas
516 842 665 902 quas
693 822 1005 883 turbarum
1035 821 1278 916 spiritus
1309 821 1464 882 inter
1504 821 1648 882 alias
1691 820 1938 883 damna-

186 915 282 965 tas
317 902 631 987 opiniones
669 905 986 987 proferunt
1027 903 1313 975 dicentes,
1342 904 1404 964 in
1450 904 1619 966 nullo
1660 925 1799 964 casu
1834 905 1934 985 ju-

186 983 446 1048 randum
475 1007 625 1060 esse,
651 986 763 1048 etsi
834 987 982 1048 loria
1010 986 1132 1047 Dei
1175 998 1238 1047 et
1273 986 1532 1048 charitas
1570 986 1830 1070 proximi
1875 987 1934 1048 id

186 1066 512 1150 requirant,
563 1069 672 1131 διο.
758 1009 1153 1153 ἧαςίεῐηωε
1202 1068 1577 1131 Christianos
1627 1091 1756 1131 esse
1814 1091 1935 1130 non

184 1171 383 1295 soene,
401 1170 543 1213 cum
573 1151 855 1214 omnibus
884 1152 1015 1214 aliis
1044 1151 1330 1214 doctrinis
1351 1174 1485 1234 quoe
1508 1174 1667 1214 sanoe
1688 1163 1751 1213 et
1771 1174 1935 1235 purae

227 1232 472 1295 oetrinoe
512 1234 664 1296 Jesu
698 1234 925 1296 Christi
970 1235 1356 1297 adversantur
1394 1258 1429 1296 e
1470 1234 1783 1306 diametr0,
1812 1257 1933 1296 non

187 1315 385 1377 solum
427 1338 551 1378 non
595 1317 875 1400 recipere,
902 1317 1004 1379 sed
1048 1328 1118 1378 ut
1159 1317 1633 1380 abominationes
1676 1330 1738 1379 et
1779 1318 1937 1379 blas-

186 1397 465 1482 phemias
492 1398 734 1480 rejicere
761 1410 825 1461 et
852 1399 1154 1461 damnare.

270 1480 352 1543 In
397 1482 694 1565 margine.
780 1482 906 1543 Suo
947 1491 1066 1544 tem
1181 1504 1213 1544 e
1233 1481 1593 1565 juramento
1635 1483 1730 1543 uti
1772 1482 1935 1544 licet.

187 1561 368 1624 Deus
408 1564 566 1625 em‘m
586 1564 786 1647 jussit
823 1564 933 1626 hoc
964 1565 1029 1626 in
1059 1504 1179 1626 Ψ

185 1643 364 1707 Novo
397 1645 682 1708 Clu-istus
713 1668 832 1707 non
852 1646 1188 1727 prohibuit,
1214 1647 1333 1707 imo
1369 1646 1651 1707 Chr-istm
1693 1654 1753 1707 et
1795 1668 1936 1727 apo-

183 1724 660 1811 mlijurarmzt.
731 1729 890 1790 Item
910 1728 976 1789 in
996 1729 1293 1810 margine.
1364 1727 1787 1811 Magistratus
1806 1738 1936 1789 tum

186 1808 405 1871 buum
437 1811 872 1894 magistratum
910 1811 1063 1895 agit,
1092 1809 1333 1893 quando
1368 1831 1511 1871 vere
1545 1810 1934 1872 Christianus

269 1974 581 2037 Postremo
610 1975 770 2036 hanc
801 1985 1068 2036 nostram
1106 1974 1543 2036 confessionem
1573 1974 1805 2055 judicio
1843 1998 1935 2036 sa-

186 2078 302 2119 crae
329 2056 565 2118 biblicae
595 2058 902 2140 scripturae
932 2057 1310 2137 subjicimus:
1340 2080 1532 2138 eoque
1554 2058 1932 2141 pollicemur,

187 2139 238 2201 si
275 2161 353 2201 ex
383 2139 684 2222 praedictis
713 2139 823 2201 scri
872 2140 1018 2200 turis
1046 2140 1112 2201 in
1141 2140 1488 2201 melioribus
1526 2140 1930 2216 instituamur,

188 2243 298 2283 nos
330 2221 497 2283 omni
531 2234 803 2306 tempore
829 2162 972 2284 ibeo
998 2238 1061 2283 et
1089 2234 1463 2284 sacrosancto
1493 2222 1680 2305 ipsius
1708 2224 1929 2296 Verbo,

188 2304 455 2367 maxima
481 2326 623 2367 cum
652 2305 979 2388 gratiarum
1008 2306 1244 2367 actione
1270 2307 1658 2367 obsecuturos
1686 2327 1832 2368 esse.

1126 1565 1279 1626 eteri
1313 1565 1695 1625 Testamenta
1715 1589 1736 1626 .-
1783 1574 1843 1626 εἰ
1871 1566 1935 1626 in

1019 3713 1111 3766 12
