2418 4172
31 3687 78 3873 ssgflfafflgssj
25 3590 63 3681 2'52'5')
51 3561 71 3573 .·
37 3448 60 3553 nusi-1
31 3378 55 3401 ¹⁶„
21 3298 39 3311 ⁴⁸
55 3279 58 3286 .

550 387 1102 444 AUGUSTANA
1156 386 1518 442 MDxxxl.
1811 394 1907 446 131

169 541 233 594 ot
281 530 788 615 propitiatorium,
843 549 952 611 per
1006 549 1187 608 quem
1246 528 1664 590 reconcilietur
1721 532 1912 594 Pater.

166 611 386 694 Itaque
427 613 531 694 qui
576 610 844 685 confidit,
870 611 1151 694 operibus
1195 632 1258 670 se
1302 611 1512 671 mereri
1557 612 1830 692 gratiam,
1866 614 1912 673 is

167 706 520 779 aspernatur
566 693 792 755 Christi
853 693 1138 754 meritum
1189 704 1248 753 et
1293 693 1566 773 gratiam,
1599 706 1660 753 et
1702 696 1914 775 quaerit

169 777 299 839 sine
325 776 570 838 Christo
613 776 894 837 humanis
937 775 1162 836 viribus
1201 775 1358 835 viam
1405 774 1477 835 ad
1516 775 1742 850 Deum,
1771 798 1909 837 cum

168 859 446 922 Christus
466 858 543 920 de
565 881 627 919 se
649 857 905 919 dixerit:
951 858 1092 940 Ego
1113 879 1245 918 sum
1275 859 1396 930 via,
1424 858 1651 919 veritas
1679 867 1738 918 et
1765 860 1909 919 vita.

254 941 411 1005 Haee
450 940 721 1003 doctrina
762 940 838 1001 de
877 940 996 1001 fide
1033 940 1261 1021 ubique
1297 941 1359 1001 in
1392 940 1578 1001 Paulo
1608 952 1914 1016 tractatur,

167 1023 333 1109 Eph.
362 1024 423 1086 ii.
471 1024 702 1086 Gratia
743 1022 901 1085 salvi
921 1022 1101 1107 facti
1143 1024 1287 1084 estis
1322 1045 1438 1105 per
1466 1020 1677 1105 fidem,
1707 1032 1767 1084 et
1810 1025 1917 1084 hoc

167 1127 293 1171 non
318 1128 392 1169 ex
414 1107 600 1180 vobis,
632 1108 762 1167 Dei
789 1107 1008 1168 donum
1039 1114 1146 1180 est,
1174 1128 1289 1166 non
1322 1128 1395 1167 ex
1422 1106 1718 1187 operibus,
1741 1118 1856 1167 etc.

252 1189 341 1252 Et
375 1212 455 1252 ne
491 1190 628 1272 quis
663 1190 989 1264 cavilletur,
1018 1212 1053 1250 a
1080 1189 1255 1249 nobis
1285 1211 1502 1249 novam
1536 1189 1703 1250 Pauli
1737 1189 1919 1250 inter-

170 1273 570 1357 pretationem
613 1273 960 1352 excogitari,
989 1282 1116 1332 tota
1156 1272 1285 1332 haec
1323 1294 1501 1332 causa
1540 1271 1722 1332 habet
1750 1272 1919 1332 testi-

175 1355 382 1417 monia
452 1367 668 1416 atrum.
755 1355 919 1415 Nam
951 1354 1327 1436 Augustinus
1357 1354 1566 1415 multis
1597 1355 1920 1415 volumini-

175 1438 291 1499 bus
310 1436 387 1499 de
447 1437 579 1499 ndit
605 1438 858 1520 gratiam
888 1448 949 1498 et
967 1436 1268 1517 justitiam
1299 1436 1439 1497 fidei
1472 1447 1678 1497 contra
1706 1437 1921 1497 merita

174 1539 447 1604 operum.
532 1520 616 1581 Et
645 1520 863 1580 similia
891 1519 1070 1580 docet
1097 1520 1454 1579 Ambrosius
1492 1519 1568 1579 de
1606 1519 1921 1580 vocatione

176 1602 474 1686 gentium,
514 1613 577 1662 et
621 1602 783 1662 alibi.
869 1602 972 1662 Sic
1014 1601 1179 1661 enim
1232 1601 1434 1682 inquit
1483 1601 1559 1660 de
1607 1601 1922 1661 vocatione

174 1683 487 1767 gentium:
529 1683 859 1744 vilesceret
885 1682 1179 1743 redemtio
1207 1682 1520 1763 sanguinis
1541 1681 1792 1755 Christi,
1812 1704 1925 1743 nec

175 1764 597 1828 misericordiae
632 1764 751 1825 Dei
794 1765 1215 1834 humanorum,
1238 1785 1491 1845 operum
1533 1764 1926 1846 praerogativa

175 1848 616 1921 succumberet,
637 1847 683 1908 si
705 1847 1082 1928 justificatio,
1103 1869 1238 1928 quae
1268 1848 1340 1906 fit
1369 1869 1476 1928 per
1499 1846 1775 1928 gratiam,
1798 1868 1927 1907 me-

174 1930 307 1993 ritis
333 1930 810 2015 praecedentibus
831 1930 1166 2004 deberetur,
1192 1940 1259 1990 ut
1281 1952 1400 1990 non
1427 1944 1649 1990 munus
1672 1929 1928 2011 largien-

176 2013 277 2089 tis,
306 2013 412 2075 sed
442 2035 670 2075 merces
691 2024 857 2100 ‘esset
883 2036 920 2073 o
965 2012 1203 2074 erantis.

261 2097 630 2178 Quanquam
674 2107 875 2157 autem
923 2036 1053 2157 liaec
1094 2095 1367 2156 doctrina
1404 2094 1811 2155 contemnitur
1851 2095 1928 2155 ab

179 2178 497 2263 imperitis,
533 2190 741 2239 tamen
792 2179 1187 2261 experiuntur
1275 2177 1347 2237 iae
1396 2199 1465 2237 ac
1512 2176 1746 2259 pavidae
1789 2200 1931 2238 con-

180 2261 449 2323 scientiae
491 2262 824 2355 plurimum
867 2283 1003 2321 eam
1046 2199 1475 2322 consolationis
1519 2260 1742 2332 afferre,
1786 2260 1931 2340 quia

180 2345 564 2407 conscientiae
605 2365 729 2404 non
772 2355 1031 2426 possunt
1073 2342 1257 2403 reddi.
1283 2342 1622 2422 tranquillae
1664 2364 1771 2424 per
1807 2342 1932 2402 ulla

179 2447 382 2512 opera,
422 2425 527 2487 sed
573 2436 814 2487 tantum
863 2425 1001 2500 fide,
1043 2446 1182 2486 cum
1229 2435 1392 2484 certo
1434 2435 1728 2496 statuunt,
1767 2423 1930 2505 quod

179 2521 427 2595 propter
445 2508 758 2570 Christum
785 2509 1049 2569 habeant
1074 2508 1380 2591 placatum
1402 2507 1628 2567 Deum.
1701 2508 1933 2575 Quem-

182 2590 512 2655 admodum
569 2591 790 2652 Paulus
856 2590 1032 2652 docet
1090 2591 1271 2651 Rom.
1320 2611 1377 2649 v.
1418 2586 1768 2671 Justp'ficati
1815 2610 1934 2669 per

156 2672 385 2758 fiderit,
431 2695 648 2757 pacem
703 2674 991 2735 habemus
1046 2674 1219 2756 apud
1269 2674 1495 2734 Deum.
1587 2672 1745 2732 Tota
1804 2672 1932 2731 haec

182 2757 455 2820 doctrina
482 2757 558 2818 ad
587 2756 736 2819 illud
764 2767 1069 2818 certamen
1099 2756 1532 2840 perterrefactae
1554 2754 1934 2814 conscientiae

185 2839 491 2902 referenda
514 2850 626 2914 est,
652 2861 768 2901 nec
797 2840 924 2900 sine
954 2840 1060 2899 illo
1083 2839 1415 2900 certamine
1437 2837 1689 2916 intelligi
1716 2846 1932 2917 potest.

187 2923 390 2993 Quare
446 2922 604 2983 male
641 2922 924 3001 judicant
967 2921 1044 2982 de
1094 2944 1164 2982 ea
1210 2944 1272 2982 re
1322 2920 1598 2980 homines
1649 2919 1731 2978 im
1819 2918 1932 2991 riti,

187 3015 250 3066 et
302 3004 620 3087 prophani,
667 3004 772 3086 qui
819 3005 1228 3065 Christianam
1263 3003 1565 3083 justitiam
1610 3001 1740 3061 nihi
1807 3022 1934 3060 esse

189 3086 511 3158 somniant,
539 3086 651 3147 nisi
682 3086 918 3149 civilem
949 3098 1012 3148 et
1038 3086 1523 3169 philosophicam
1545 3083 1869 3163 justitiam.

272 3168 440 3230 Olim
485 3170 858 3231 vexabantur
901 3170 1283 3230 conscientiae
1333 3168 1605 3228 doctrina
1661 3187 1933 3249 operum,

190 3273 315 3313 non
359 3250 682 3312 audiebant
709 3272 785 3311 ex
817 3253 1127 3333 evangelio
1165 3251 1655 3311 consolationem.
1739 3248 1936 3317 Quos-

189 3333 328 3396 dam
365 3333 732 3395 conscientia
760 3335 991 3416 expulit
1019 3335 1082 3393 in
1111 3333 1434 3406 desertum,
1464 3332 1525 3391 in
1557 3330 1936 3405 monasteria,

190 3427 495 3500 sperantes
540 3417 623 3477 ibi
669 3438 732 3476 se
774 3416 1026 3510 gratiam
1071 3417 1388 3476 merituros
1430 3435 1560 3474 esse
1601 3435 1710 3496 per
1748 3413 1936 3474 vitam

190 3499 607 3561 monasticam.
647 3555 657 3566 ,
692 3499 816 3559 Alii
873 3498 989 3558 alia
1050 3498 1543 3576 excogitaverunt
1605 3518 1805 3579 opera,
1849 3494 1937 3574 ‚ad

190 3582 648 3666 promerendam
682 3581 933 3664 gratiam
965 3591 1026 3641 et
1054 3577 1540 3641 satisfaciendum
1580 3601 1691 3663 pro
1728 3599 1938 3663 pecca-

193 3665 290 3725 tis.
375 3664 525 3726 Ideo
553 3686 917 3748 magnopere
944 3663 1060 3724 fuit
1093 3684 1265 3746 opus,
1293 3663 1450 3723 hanc
1485 3661 1819 3724 doctrinam
1862 3661 1937 3721 de
2027 3683 2035 3687 ·

1024 3766 1066 3805 κ
1099 3759 1133 3806 2
1674 3755 1730 3787 ‘⁷
