2418 4172
620 593 1479 693 PRAEFATIO,

862 802 1214 845 ...Φ-

165 949 585 1031 NECESSE
636 978 728 1029 est
785 968 1176 1050 interrogatos
1239 966 1486 1028 recitare
1551 967 1910 1044 doctrinam,

352 1052 493 1113 rtim
522 1073 663 1113 cum
695 1063 1050 1112 accusantur
1086 1049 1370 1121 ecclesiae,
1400 1050 1561 1132 quod
1591 1052 1685 1111 vel
1717 1075 1911 1114 errore

225 1134 314 1214 lsa
357 1134 643 1217 dogmata
691 1134 1031 1217 sparserint,
1069 1146 1174 1194 aut
1215 1135 1566 1216 receperint,
1601 1135 1692 1195 vel
1739 1149 1913 1218 petu-

165 1217 353 1279 lantia
394 1231 674 1279 moveant
718 1217 1057 1291 seditiones,
1085 1229 1146 1277 et
1186 1238 1220 1276 a
1259 1217 1567 1277 communi
1608 1239 1786 1278 sensu
1825 1232 1912 1279 te-

166 1320 330 1361 mere
381 1300 693 1362 discedant
749 1321 856 1381 pro
904 1311 992 1359 ter
1047 1298 1462 1374 ambitionem,
1490 1299 1647 1374 odia,
1677 1302 1911 1362 avariti-

166 1402 287 1457 am,
313 1383 706 1466 cupiditatem
738 1384 837 1444 vin
884 1383 1041 1453 ictae,
1072 1392 1178 1442 aut
1214 1382 1360 1442 alios
1398 1404 1610 1464 pravos
1649 1384 1910 1445 affectus.

164 1463 395 1547 Itaque·
412 1477 474 1527 et
489 1466 666 1546 jussi,
693 1488 828 1527 vere
856 1478 917 1526 et
947 1466 1106 1525 bona
1135 1464 1253 1525 fide
1281 1465 1498 1525 iterum
1523 1466 1909 1527 recitabimus

163 1546 497 1609 doctrinam
531 1548 593 1608 in
622 1548 887 1609 ecclesiis
924 1548 1138 1607 nostris
1178 1559 1534 1617 sonantem;
1579 1570 1762 1628 quam
1797 1548 1907 1609 etsi

163 1630 266 1691 alii
296 1630 510 1711 magis,
538 1631 637 1690 alii
670 1630 869 1690 minus
897 1629 1129 1689 erudite
1160 1640 1263 1689 aut
1296 1629 1609 1711 perspicue
1646 1629 1909 1702 tradunt,

162 1721 368 1773 tamen
399 1711 527 1771 siue
553 1711 849 1772 discordia
876 1712 938 1771 in
968 1710 1367 1771 fundamento
1396 1732 1605 1770 omnes
1640 1725 1909 1792 pastores

164 1793 225 1855 in
266 1793 534 1855 ecclesiis
576 1793 793 1854 nostris
842 1794 1308 1875 amplectuntur.
1394 1794 1760 1873 Quanquam
1806 1818 1910 1855 au-

161 1886 287 1938 tem
317 1877 540 1938 scimus
571 1876 965 1959 periculosam
996 1898 1124 1936 esse
1152 1876 1416 1936 veritatis
1445 1876 1905 1951 confessionem,

161 1971 369 2020 tamen
392 1971 635 2042 propter
664 1960 884 2019 multas
915 1959 1194 2019 honestas
1224 1980 1431 2019 causas
1460 1981 1592 2020 eam
1625 1981 1745 2021 non
1882 1999 1909 2009 -

163 2041 348 2103 vatim
394 2043 741 2124 repetimus.
804 2042 1115 2122 Primum,
1158 2041 1300 2121 quia
1343 2063 1483 2102 cum
1526 2042 1722 2103 multa
1761 1983 1908 2104 {isia

163 2125 418 2187 crimina
445 2125 603 2208 apud
633 2147 800 2207 reges
829 2137 890 2184 et
919 2123 1079 2206 apud
1114 2135 1345 2184 exteras
1384 2124 1657 2184 nationes
1696 2126 1759 2186 in
1797 2149 1906 2186 nos

163 2209 562 2281 conferantur,
590 2220 652 2268 et
690 2208 828 2269 odia
870 2219 1078 2268 contra
1119 2228 1229 2266 nos
1265 2206 1438 2266 variis
1467 2207 1783 2268 calumniis
1813 2232 1909 2268 ac-

162 2312 343 2354 censa
385 2292 523 2364 sint,
554 2291 684 2351 boec
718 2289 1216 2351 commemoratio
1257 2289 1569 2350 mendacia
1610 2290 1712 2350 illa
1749 2292 1907 2351 refu·
1950 2365 1952 2368 Ι

161 2375 335 2448 tabit,
362 2386 425 2435 et
452 2374 788 2454 aliquorum
821 2372 1190 2433 iracundiam
1223 2372 1425 2432 leniet.
1511 2372 1773 2447 Deinde,
1802 2397 1909 2435 sae-

161 2457 300 2541 pius
344 2470 612 2541 repetere
658 2477 860 2516 veram
903 2454 1193 2516 doctrinae
1235 2455 1723 2537 explicationem,
1766 2457 1905 2517 Deo

161 2552 402 2623 gratum
444 2552 569 2601 est:
619 2551 681 2599 et
723 2538 927 2619 aliqui,
961 2538 1217 2620 cognitis
1259 2538 1548 2611 fontibus,
1577 2538 1651 2598 ad
1693 2539 1908 2599 verita·

161 2635 286 2685 tem
326 2623 673 2684 invitantur.
755 2621 1021 2682 Necesse
1054 2632 1146 2681 est
1181 2642 1290 2680 nos
1319 2620 1504 2681 etiam
1535 2620 1609 2680 ad
1639 2634 1906 2703 posteros

162 2706 500 2787 relinquere
536 2705 776 2788 publica
819 2704 1183 2777 testimonia,
1224 2703 1410 2785 digna
1451 2702 1590 2777 fide,
1630 2705 1908 2786 opposita

162 2787 326 2848 falsis
367 2788 903 2861 criminationibus,
930 2809 1007 2847 ne
1048 2787 1364 2869 posteritas
1401 2786 1478 2846 de
1518 2787 1693 2846 nobis
1737 2809 1906 2846 secus

153 2869 427 2950 judicet:
469 2881 533 2930 et
559 2882 628 2930 ut
655 2870 840 2951 aliqui
870 2869 969 2930 his
993 2870 1208 2930 nostris
1238 2869 1602 2929 testimoniis
1632 2890 1907 2929 commo-

164 2952 404 3026 nefacti,
442 2951 756 3013 veritatem
800 2952 1123 3033 inquirant,
1165 2963 1228 3013 et
1272 2951 1335 3011 in
1382 2951 1536 3011 veris
1595 2951 1905 3012 sententiis

163 3036 613 3096 confirmentur.
698 3034 1022 3116 Sperarnus
1058 3035 1262 3108 etiam,
1289 3056 1391 3094 eos
1429 3033 1535 3113 qui
1572 3033 1909 3094 considera-

165 3118 318 3178 bunt
362 3116 620 3177 historioe
662 3117 873 3177 seriem
917 3127 980 3176 et
1019 3117 1193 3177 initia
1234 3117 1447 3177 horum
1489 3116 1907 3191 certaminum,

164 3199 567 3260 intellecturos
606 3220 733 3259 esse
768 3221 877 3259 nos
914 3221 1028 3260 nec
1059 3221 1274 3271 errore,
1303 3221 1415 3259 nec
1444 3198 1566 3257 ulla
1594 3216 1776 3280 prava
1804 3220 1908 3259 cu-

206 3280 414 3342 iditate
470 3282 624 3341 banc
679 3280 1011 3341 doctrinam
1063 3282 1375 3363 amplexos
1429 3302 1576 3353 esse,
1615 3292 1678 3339 et
1732 3282 1906 3342 tueri.

161 3303 421 3426 Rullum
465 3363 659 3443 majus
698 3363 892 3423 scelus
929 3373 1039 3436 est,
1067 3384 1250 3443 quam
1283 3362 1502 3444 agnitae
1531 3362 1767 3423 veritati
1800 3362 1908 3425 ad·

160 3447 418 3517 versari3
469 3446 623 3507 sicut
672 3446 785 3507 scri
833 3456 963 3505 tum
1014 3458 1108 3505 est
1123 3468 1146 3504 :-
1191 3444 1589 3525 Blasphemia
1636 3443 1908 3526 Spiritus

161 3549 283 3592 non
305 3529 668 3590 remittetur.
817 3549 886 3588 os
916 3526 1116 3608 igitur,
1143 3548 1282 3589 cum
1313 3526 1745 3589 audivissemus
1769 3540 1907 3611 per·

164 3611 432 3693 spicuam
464 3612 775 3671 veritatem
805 3610 881 3670 de
909 3610 1085 3670 rebus
1113 3609 1476 3682 necessariis,
1500 3609 1577 3669 de
1604 3623 1907 3693 poemten-
2003 3689 2011 3693 ᾖ

1638 3771 1672 3785 l
