2418 4172
419 357 530 410 108
1053 358 1535 414 CONFESSIO

417 519 509 560 res
550 509 674 560 tam
718 498 930 561 arduas
970 514 1479 584 representatum,
1504 513 1566 563 et
1606 500 1862 563 mirabili
1898 499 2159 583 quadam
2255 481 2266 499 ⁹

416 601 614 643 rerum
643 580 1110 663 significatarum
1144 583 1415 667 analogia
1442 583 1831 646 clarissimam
1862 583 2163 666 mysteriis

283 699 289 706 -
415 662 545 725 istis
575 664 768 726 lucem
804 666 1131 727 afferentes.
1215 668 1311 727 Ad
1354 668 1487 727 haec
1521 667 1832 738 auxilium,
1852 687 2161 760 ‘opemque

414 744 528 829 ipsi
574 747 959 830 suppeditant
1004 748 1164 821 fidei,
1198 771 1268 810 ac
1299 748 1685 830 jurisjurandi
1729 748 1991 829 denique
2030 769 2161 810 vice

414 827 716 891 initiatum
747 831 1103 913 astringunt.
1186 831 1340 893 Tam
1373 847 1577 892 sancte
1605 831 1681 892 de
1709 831 1889 891 sacris
1917 852 1945 891 s
1991 831 2163 892 mbo-

414 910 488 972 lis
530 912 841 974 sentimus.
926 914 1012 973 At
1052 935 1194 974 vero
1236 914 1591 975 vivificantis
1630 927 1691 975 et
1731 915 1918 974 sancti
1967 913 2160 975 cantis

411 993 535 1055 vim
565 1008 627 1056 et
652 995 935 1056 virtutem
966 996 1284 1057 tribuimus
1319 996 1373 1057 ei
1409 1009 1719 1079 perpetuo,
1747 995 1851 1078 qui
1893 996 2015 1057 vita
2050 1006 2160 1072 est,

412 1076 510 1138 cui
541 1077 618 1138 sit
646 1077 776 1138 laus
807 1077 866 1137 in
897 1077 1098 1139 secula
1125 1078 1485 1154 seculorum,
1512 1079 1732 1140 Amen.

491 1157 743 1221 XXIII.
775 1159 991 1220 Coetus
1030 1170 1231 1220 autem
1273 1182 1468 1221 sacros
1498 1162 1587 1222 sic
1621 1161 1992 1244 peragendos
2030 1185 2160 1225 esse

409 1262 742 1316 censemus,
769 1252 838 1303 ut
876 1252 1015 1302 ante
1054 1241 1259 1303 omnia
1295 1243 1544 1304 verbum
1575 1242 1697 1304 Dei
1739 1243 1804 1304 in
1842 1245 2159 1327 publicum

408 1323 543 1385 loco
583 1323 831 1407 publico
872 1334 934 1384 et
976 1324 1155 1384 sacris
1198 1323 1498 1385 destinato
1532 1324 1696 1407 plebi
1727 1325 1997 1407 quotidie
2022 1348 2163 1412 pro-

405 1418 684 1488 ponatur.
770 1406 1095 1488 Scripturae
1159 1406 1364 1468 abdita
1425 1429 1534 1490 per
1558 1459 1565 1467 .
1586 1406 1834 1468 idoneos
1889 1407 2161 1504 quotidie

406 1499 708 1563 eruantur,
750 1487 1286 1571 edisseranturque.
1369 1489 1550 1551 Sacra
1596 1490 1961 1554 eucharistia
2005 1491 2162 1555 cele-

409 1570 633 1632 branda
675 1571 910 1653 piorum
956 1572 1210 1633 subinde
1248 1571 1398 1633 fides
1431 1585 1800 1649 exerceatur,
1827 1574 2158 1658 precationi

405 1674 516 1736 pro
557 1653 840 1714 omnibus
881 1654 1155 1715 omnium
1200 1655 1741 1717 necessitudinibus
1787 1656 2024 1720 assidue
2063 1658 2159 1719 in-

406 1746 633 1798 stetur:
677 1747 917 1797 coeteras
958 1757 1099 1797 vcro
1135 1738 1623 1800 coeremoniarum
1660 1740 1946 1821 ambages
1973 1739 2160 1802 inuti-

407 1817 495 1879 les
538 1840 607 1880 ac
650 1818 1134 1894 innumerabiles,
1170 1842 1329 1896 vasa,
1366 1832 1579 1896 vestes,
1612 1820 1764 1897 vela,
1800 1822 1979 1895 faces,
2007 1845 2157 1899 aras,

403 1920 641 1974 aurum,
683 1924 717 1963 a
825 1915 1019 1976 ntum,
1066 1910 1363 1983 quatenus
1419 1903 1826 1987 pervertendae
1878 1905 2157 1990 religioni

405 1982 733 2059 serviunt‚i
778 1985 875 2045 ola
915 1984 1270 2068 praesertim,
1297 2006 1432 2066 quae
1475 1985 1551 2047 ad
1592 1986 1827 2080 cultum
1864 1998 2173 2071 prostant,⁸

404 2074 467 2127 et
501 2067 892 2128 offensionem
932 2067 1225 2150 praebent,
1254 2089 1325 2128 ac
1352 2067 1414 2128 id
1442 2090 1634 2151 genus
1662 2090 1870 2130 omnia
1905 2070 2158 2154 profana

403 2169 440 2209 a
466 2148 529 2209 S.
560 2160 763 2211 nostro
790 2160 954 2211 coetu
984 2150 1191 2233 procul
1223 2171 1511 2213 arcemus.

483 2229 724 2325 XXIV.
766 2233 1061 2327 Amemus
1111 2233 1255 2327 ite-m
1308 2245 1610 2329 quotquot
1659 2234 1736 2295 ab
1782 2234 2048 2298 ecclesia
2089 2235 2157 2299 S.

403 2325 699 2478 ffigffit,
727 2314 847 2459 3¹2⁸?
851 2315 1204 2472 '3521203533
1206 2338 1362 2479 ⁶332,
1383 2316 2018 2484 ffiffiqsssszssssffilffi
2046 2319 2157 2463 133¹.

400 2477 499 2539 die
526 2501 666 2540 cum
699 2480 908 2562 primis
936 2480 1230 2573 laborant,
1250 2502 1418 2575 quos·
1431 2482 1478 2542 si
1508 2481 1806 2575 obstinate
1835 2482 2154 2546 monitioni

401 2561 666 2623 ecclesiae
691 2574 771 2656 ‘et
802 2562 1163 2625 Christianae
1207 2562 1525 2624 eruditioni
1567 2586 1686 2624 non
1719 2565 2152 2660 obsecundant,

399 2665 518 2788 gg
547 2645 1384 2803 ffiffiiztsstqffiicffiffndoe’
1414 2669 1489 2707 ne
1518 2659 1875 2730 contagione
1903 2670 2148 2733 gregem

482 2808 688 2871 XXV.
734 2749 889 2879 Ωιιιὲ
934 2810 1131 2872 media
1167 2773 1459 2872 'vbcantur
1500 2823 1561 2872 et
1602 2823 1745 2874 sunt
1786 2814 2046 2897 proprie,
2078 2815 2151 2877 iis

403 2891 489 2955 uti
520 2892 611 2953 vir
637 2892 772 2975 pius
800 2914 1144 2987 quanquam
1188 2894 1370 2955 libere
1399 2895 1623 2977 ubique
1651 2907 1714 2957 et
1742 2917 1982 2980 semper
2016 2909 2152 2981 pot-
2209 2943 2220 2955 .

398 2987 509 3049 est,
540 2987 743 3037 tamen
788 2987 1046 3038 scienter
1083 2989 1144 3038 et
1180 2998 1257 3038 ex
1299 2976 1610 3054 charitate,
1640 3000 1860 3062 nempe
1902 2978 1979 3042 ad
2020 2980 2151 3063 glo-

398 3058 549 3119 riam
580 3057 720 3134 Dei,
747 3071 810 3119 et
837 3058 910 3120 ad
941 3059 1211 3121 ecclesiae
1241 3060 1777 3143 proximorumque
1803 3060 2151 3126 oediflcatio-

400 3162 537 3203 nem
570 3141 853 3203 omnibus
881 3153 1084 3204 utetur
1111 3143 1327 3203 solum.

480 3223 719 3286 XXVI.
763 3223 1156 3320 Magistratus
1198 3225 1397 3288 omnis
1440 3249 1475 3287 a
1517 3226 1655 3288 Deo
1696 3249 1839 3290 cum
1882 3228 1979 3304 sit,
2016 3226 2150 3290 effi..

398 3305 558 3367 cium
605 3306 751 3387 ejus,
795 3306 907 3369 nisi
951 3308 1332 3391 tyrannidem
1374 3330 1652 3372 exemere
1693 3309 1899 3386 libeat,¹
1936 3307 2146 3395 praci-

399 3408 585 3468 puum
627 3404 735 3460 est,
765 3389 1116 3473 religionem
1155 3390 1322 3454 omni
1364 3392 1492 3454 blas
1539 3393 1741 3455 hemia
1767 3389 2145 3476 reprimenda

397 3468 713 3532 defendere
769 3484 829 3533 ct
887 3496 1220 3556 procurare,
1261 3498 1331 3536 ac
1379 3414 1636 3558 qualiter
1681 3495 1758 3537 ex
1801 3474 1983 3537 verbo
2022 3472 2141 3536 Dei

399 3552 691 3633 propheta
740 3553 916 3616 docet
967 3579 1075 3639 pro
1117 3557 1268 3618 virili
1312 3557 1567 3638 exequi:
1624 3578 1746 3638 qua
1787 3555 2033 3651 quidem
2080 3558 2141 3619 in

400 3646 566 3714 parte
607 3635 803 3695 locum
846 3637 1107 3718 primum
1150 3661 1296 3721 pura
1336 3651 1516 3719 atquc
1547 3639 1730 3700 libera
1758 3637 1943 3701 divini
1974 3640 2138 3702 verbi
