2418 4172
459 364 532 417 50
1098 364 1581 420 CONFESSIO

461 504 756 581 Domino,
783 506 1007 569 elamat
1035 507 1098 568 in
1134 508 1467 591 evangelio,
1494 507 1644 569 Luc.
1675 507 1801 569 xix.
1835 506 2000 569 Ecce
2036 505 2227 568 dimi·-

464 588 631 651 dinm
661 589 949 651 bonorum
974 610 1261 665 mem-um,
1290 592 1577 665 Domine,
1606 591 1680 651 do
1709 590 2111 673 pauper-ibon
2156 596 2218 651 et

461 671 518 733 si
535 693 714 756 quem
735 670 1119 758 dfioudovi,
1140 673 1327 736 reddo
1346 674 1771 769 quadr-uptam.
1832 672 1929 733 Ad
1952 671 2214 734 eundem

463 777 607 839 ergo
633 755 883 818 modum
914 756 1308 840 praedioamus
1338 758 1776 819 restitutionem
1800 767 1862 816 et
1885 753 2226 816 miseriem--⁴

464 836 648 912 diam,
670 836 939 920 adeoque
965 839 1434 934 eleemosynam,
1455 861 1590 901 vere
1619 838 2060 924 poenitentibus
2088 855 2220 899 esse

464 921 892 983 neeessariam:
937 933 999 983 et
1038 922 1097 982 in
1138 944 1482 984 universum
1510 922 1761 1006 apostoli
1792 921 1989 982 verbis
2017 920 2221 981 horta-

466 1025 603 1065 mur
628 1025 841 1065 omnes
870 1027 940 1065 ac
968 1004 1245 1075 dicimus,
1271 1005 1374 1066 Ne
1394 1014 1612 1089 regnet
1633 1013 1952 1087 peccatum
1974 1005 2038 1065 in
2057 1024 2220 1064 mor-

466 1085 583 1147 tali
621 1095 823 1149 vestro
867 1108 1132 1169 corpore,
1159 1095 1231 1147 ut
1271 1088 1567 1149 obediatis
1604 1089 1661 1149 ei
1695 1109 1813 1169 per
1855 1086 2223 1169 cupiditates

467 1169 599 1266 q'us
619 1194 642 1231 .-
685 1191 876 1252 neque
903 1170 1360 1231 accommodetis
1387 1171 1655 1231 membra
1683 1179 1890 1232 vestra
1917 1189 2093 1233 anna
2126 1169 2221 1230 in-

446 1248 712 1334 justitiae
727 1260 997 1334 peccato,
1024 1252 1135 1313 sed
1159 1253 1616 1313 accommodetis
1640 1253 2028 1334 vosmetipsos
2060 1250 2222 1327 Deo,

464 1334 631 1397 velut
667 1356 742 1396 ea·
777 1335 1036 1396 mortuis
1066 1335 1352 1410 viventes,
1382 1343 1443 1396 et
1486 1334 1754 1395 membra
1794 1342 2004 1397 vestra
2045 1347 2227 1396 omna

445 1416 715 1500 justitias
743 1416 903 1491 Deo,
935 1417 1116 1478 Rom.
1146 1418 1226 1477 vi.
2230 1474 2240 1485 ‚

550 1498 807 1561 Proinde
864 1498 1223 1561 damnamus
1287 1520 1498 1560 omnes
1564 1499 1782 1583 impias
1842 1496 2224 1582 quorundam

469 1584 816 1666 evangelica
842 1582 1266 1677 praedicatione
1295 1582 1675 1644 abutentium
1707 1604 1905 1658 voces,
1931 1594 1995 1644 et
2020 1581 2228 1643 dicen-

466 1666 645 1739 tium,
674 1666 894 1727 Facilis
921 1677 1014 1726 est
1042 1665 1113 1726 ad
1146 1665 1352 1726 Deum
1383 1666 1642 1727 reditus:
1714 1666 1993 1727 Christus
2019 1664 2229 1749 expia-

467 1748 557 1809 vit
582 1748 789 1810 omnia
826 1758 1106 1831 peccata:
1180 1747 1398 1809 Facilis
1443 1760 1535 1810 est
1574 1760 1958 1832 peccatorum
2002 1746 2227 1809 condo-

469 1831 670 1902 natio;
713 1830 859 1912 quid
888 1852 1033 1914 ergo
1071 1852 1321 1914 peceare
1359 1832 1639 1892 nocebit?
1683 1831 1819 1892 Nee
1861 1849 2229 1915 magnopere

470 1913 733 1976 curanda
759 1926 851 1975 est
880 1910 1259 1997 poenitentia‚
1283 1916 1394 1975 διο.
1466 1914 1778 1975 Docemus
1801 1914 2039 1976 interim
2069 1934 2230 1975 sem-

471 2018 597 2141 ffr,
638 2009 701 2058 et
762 1997 1044 2057 omnibus
1108 1997 1522 2078 peccatoribus
1587 1997 1819 2057 aditum
1885 2006 2090 2080 patero
2150 1995 2225 2058 ad

538 2102 702 2154 eum,
731 2091 793 2139 et
823 2079 988 2140 bunc
1015 2078 1222 2139 omnia
1254 2079 1540 2140 omnibus
1575 2078 1856 2141 fidelibus
1888 2078 2230 2149 condonare

470 2174 737 2247 peecata,
764 2173 1020 2244 excepto
1050 2182 1171 2221 uno
1204 2161 1307 2222 ino
1341 2174 1590 2245 peccato
1628 2162 1688 2222 in
1721 2162 2012 2244 Spiritum
2044 2160 2232 2224 Sano-

471 2257 623 2307 tum.
710 2243 979 2326 Ideoque
1020 2243 1380 2305 damnamus
1422 2257 1484 2306 et
1509 2256 1736 2306 veteres
1779 2255 1843 2306 et
1883 2265 2070 2306 novos
2098 2243 2233 2306 No-

474 2329 761 2403 vatianos,
788 2339 970 2409 atque
997 2326 1310 2388 catharos.
1392 2328 1778 2389 Damnamus
1806 2327 2109 2412 imprimis
2137 2327 2234 2390 iu-

474 2433 705 2472 crosam
735 2432 908 2504 papae
931 2409 1007 2470 de
1030 2410 1390 2492 poenitentia
1418 2410 1792 2482 doctrinam3
1835 2420 1899 2472 et
1925 2420 2135 2473 eontra
2152 2409 2233 2472 si-

477 2494 743 2556 moniam
775 2514 924 2573 eJus,
951 2491 1430 2574 simoniacasque
1459 2493 1588 2574 ejus
1627 2492 2054 2577 indulgentias,
2077 2489 2231 2556 mud

477 2595 838 2659 usurpamus
865 2574 1130 2635 Simonis
1160 2575 1316 2636 Petri
1346 2575 1670 2657 judicium,
1698 2575 1980 2639 Pecunia
2005 2583 2119 2638 tua
2143 2582 2235 2638 to-

480 2680 614 2720 cum
646 2659 730 2719 sit
756 2658 821 2719 in
840 2658 1242 2739 perditionem
1263 2682 1285 2719 .·
1370 2661 1613 2722 uoniam
1636 2660 1858 2722 donum
1879 2658 2011 2722 Deo·
2028 2659 2235 2722 emisti—

480 2741 665 2803 mosti
681 2740 905 2838 parari
925 2741 1221 2822 pecuniis.
1348 2764 1426 2803 on
1455 2752 1544 2804 est
1573 2743 1686 2805 tibi
1704 2764 1858 2825 pars
1881 2762 2078 2827 neque
2101 2762 2236 2805 sors

479 2825 547 2885 in
574 2832 813 2886 ratione
839 2823 972 2885 hac.
1066 2822 1186 2885 Cor
1212 2825 1371 2885 euim
1401 2833 1573 2887 tuum
1601 2848 1718 2887 non
1747 2835 1837 2887 est
1870 2836 2107 2888 rectum
2135 2845 2236 2888 oo-

478 2928 616 2969 ram
646 2906 804 2968 Deo.
874 2906 1299 2990 Improbamus
1329 2907 1471 2968 item
1505 2909 1658 2983 ilios,
1684 2909 1787 2990 qui
1818 2909 1942 2970 suis
1968 2906 2236 2970 satisfac-

481 2989 747 3052 tionibus
776 2988 1127 3051 existimant
1155 3011 1220 3050 se
1240 3010 1352 3073 pro
1370 2992 1710 3052 commissis
1732 2989 2071 3053 satisfacere
2094 3009 2237 3074 peo-

480 3072 648 3135 catis.
731 3072 896 3134 Nam
946 3072 1238 3134 docemus
1278 3072 1590 3135 Christum
1643 3094 1857 3148 unum,
1898 3084 2095 3135 morte
2136 3072 2233 3135 vel

481 3155 760 3239 passione
798 3177 925 3228 sua,
953 3176 1084 3217 esse
1123 3158 1398 3218 omnium
1443 3168 1828 3241 peccatorum
1878 3154 2231 3218 satisfactio-

482 3260 642 3314 nem,
684 3237 1191 3323 propitiationem,
1231 3238 1323 3300 vel
1368 3239 1811 3324 expiationem:
1863 3238 2103 3317 interim
2144 3249 2237 3301 to·

487 3343 647 3395 men,
676 3321 838 3404 quod
882 3334 945 3383 et
982 3333 1122 3383 ante
1157 3320 1442 3398 diximus,
1473 3322 1997 3384 mortificationem
2038 3319 2234 3383 earnis

488 3424 696 3486 urgere
720 3426 839 3465 non
861 3403 1231 3466 desinimus:
1261 3403 1540 3468 addimus
1561 3417 1766 3468 tamen
1798 3405 1956 3467 bane
1983 3420 2104 3466 non
2126 3403 2237 3464 ob-
2340 3470 2350 3478 ,

485 3485 840 3547 trudendam
878 3508 1007 3549 esse
1038 3487 1176 3549 Deo
1209 3489 1466 3572 superbe
1501 3508 1614 3573 pro
1644 3497 2028 3584 peecatorum
2063 3484 2235 3547 satis·

486 3566 764 3642 factione,
820 3570 923 3630 sed
987 3570 1386 3653 praestandam
1448 3571 1777 3644 humiliter,
1824 3586 1935 3653 pro
1989 3568 2235 3651 ingenio

488 3649 745 3710 filiorum
803 3649 944 3724 Dei,
989 3665 1059 3713 ut
1112 3652 1517 3714 obedientiam
1568 3667 1805 3727 novam,
1853 3650 2234 3734 gratitudinis
