2418 4172
892 383 1302 440 BELGICA.
1859 385 1971 442 847

223 527 632 590 administrat:
683 527 786 588 sed
832 527 947 589 illis
1034 549 1099 588 ro
1142 526 1386 589 arbitrio
1429 523 1612 587 modo
1653 525 1820 587 addit
1863 528 1970 588 ali-

224 610 393 693 quid,
421 611 603 672 modo
631 610 912 673 detrabit.
1113 622 1273 671 terea
1304 607 1653 670 hominibus
1684 608 1785 668 illa
1813 630 1970 669 sem-

224 707 351 777 per,
378 693 738 787 plusquam
770 692 1034 764 Christo,
1064 691 1308 753 nititur:
1351 703 1414 751 et
1454 712 1556 751 eos
1598 689 1702 771 qui
1747 703 1971 763 sancte,

225 797 302 837 ex
399 787 703 859 raesenpto
745 775 909 836 verbi
962 774 1105 845 Dei,
1149 773 1334 833 vitam
1386 793 1555 832 suam
1608 793 1970 855 componere

226 870 321 921 stu
366 870 506 928 ent;
547 858 728 938 quive
757 856 899 918 vitia
930 855 1108 926 illius,
1137 853 1323 915 veluti
1353 854 1661 915 avaritiam
1692 866 1752 914 et
1782 854 1970 915 idolo-

226 941 476 1014 munias,
503 950 717 1001 taxant
756 960 825 999 ac
855 936 1319 1019 reprehendunt,
1347 937 1642 997 hostiliter
1711 938 1974 1017 ersequi-

227 1034 343 1086 tur.
424 1022 524 1084 Ex
566 1021 660 1083 his
706 1021 887 1102 igitur
922 1020 1096 1081 facile
1139 1032 1230 1080 est
1273 1028 1591 1101 utramque
1632 959 1969 1081 Ecclesiam

228 1105 306 1168 ab
335 1104 592 1167 invicem
622 1103 978 1177 discernere,
1005 1115 1064 1163 et
1094 1125 1432 1183 agnoscere.

309 1187 522 1251 XXX.
565 1187 887 1248 Credimus
929 1207 1128 1246 veram
1178 1186 1333 1246 hanc
1375 1185 1709 1246 Ecclesiam
1755 1185 1974 1245 debere

228 1270 375 1353 regi,
410 1292 480 1333 ac
527 1269 843 1351 gubernari
887 1268 1179 1351 spirituali
1224 1267 1327 1328 illa
1369 1268 1596 1350 politia,
1634 1289 1816 1348 quam
1863 1290 1975 1328 nos

227 1352 400 1416 Deus
443 1353 569 1435 ipse
597 1354 780 1412 verbo
821 1373 931 1412 suo
973 1350 1245 1412 edocuit:
1289 1351 1372 1411 ita
1402 1362 1472 1410 ut
1499 1351 1620 1410 sint
1648 1351 1708 1410 in
1740 1373 1810 1410 ea
1839 1373 1976 1434 pas-

228 1447 388 1499 tores
418 1458 488 1496 ac
517 1435 794 1508 ministri,
819 1433 925 1515 qui
953 1456 1102 1516 pure
1130 1445 1190 1493 et
1218 1433 1668 1506 concionentur,
1696 1444 1758 1493 et
1785 1456 1978 1494 sacra·

231 1530 436 1580 menta
473 1517 908 1579 administrent.
991 1516 1127 1576 Sint
1163 1536 1404 1597 quoque
1446 1516 1722 1590 seniores,
1751 1527 1814 1575 et
1851 1516 1977 1576 dia·

230 1601 389 1674 coni,
414 1601 518 1682 qui
552 1599 841 1661 Ecclesiae
886 1610 1162 1660 senatum
1202 1599 1591 1671 constituant,
1621 1611 1688 1658 ut
1731 1598 1826 1657 his
1855 1599 1979 1658 vel-

229 1683 320 1745 uti
365 1682 580 1744 mediis
609 1704 748 1743 vera
781 1681 990 1762 religio
1026 1680 1381 1753 conservari,
1409 1700 1664 1759 veraque
1706 1678 1978 1740 doctrina

228 1764 452 1848 passim
491 1764 731 1825 retineri
759 1774 823 1823 et
850 1762 1162 1856 propagari
1201 1762 1423 1843 possit:
1468 1761 1865 1843 hominesque
1893 1763 1980 1821 vi-

228 1848 330 1911 tiis
356 1846 544 1909 dediti
574 1869 601 1908 s
646 1846 961 1907 iritualiter
987 1843 1223 1926 corripi,
1251 1854 1311 1903 et
1339 1843 1665 1916 emendari,
1694 1866 1764 1904 ac
1791 1845 1977 1905 veluti

228 1929 416 2000 stoeno
456 1953 539 2011 qu
620 1951 717 1990 am
761 1927 1096 2010 disciplinae
1133 1925 1434 1987 cohiberi:
1478 1949 1768 2010 pauperes
1810 1927 1981 2002 item,

232 2024 295 2074 et
335 2012 555 2085 afflicti,
583 2011 827 2084 auxilie,
854 2021 916 2070 et
954 2009 1360 2069 consolatione
1398 2031 1508 2090 pro
1545 2009 1836 2091 cujusque
1874 2032 1980 2070 ne-

233 2095 511 2158 cessitate
538 2092 851 2155 sublevari.
911 2091 1088 2152 Tunc
1116 2092 1278 2151 enim
1309 2092 1422 2151 rite
1449 2092 1654 2152 omnia
1682 2102 1744 2152 et
1771 2092 1980 2153 ordine

233 2179 386 2240 fient
429 2177 490 2238 in
537 2175 828 2246 Ecclesia,
856 2195 1047 2269 quum
1077 2173 1186 2233 viri
1230 2173 1435 2234 fideles
1480 2195 1549 2234 ac
1591 2174 1696 2256 pii,
1734 2174 1808 2235 ad
1851 2175 1980 2254 ejus

234 2259 730 2343 gubernationem
786 2257 1142 2339 deligentur,
1185 2256 1365 2336 juxta
1421 2256 1546 2316 divi
1604 2257 1770 2317 Pauli
1827 2279 1982 2339 prae-

234 2343 551 2487 soejsstum,
590 2340 754 2423 quod
805 2340 1060 2401 habetur
1106 2339 1304 2422 prima
1352 2338 1426 2399 ad
1470 2339 1863 2400 Timotheum
1898 2340 1981 2400 iii.

235 2437 299 2487 et
402 2437 430 2487 t
479 2445 518 2485 1.

246 2552 250 2558 -
315 2506 565 2570 XXXI.
608 2506 928 2567 Credimus
956 2504 1278 2579 ministros,
1306 2504 1584 2577 seniores,
1611 2515 1675 2565 et
1701 2503 1982 2565 diaconos

234 2590 455 2654 debere
493 2589 569 2651 ad
597 2589 937 2650 functiones
975 2587 1107 2648 illas
1146 2609 1282 2649 suas
1309 2587 1527 2662 vocari,
1555 2597 1616 2647 et
1643 2586 1981 2670 promoveri

236 2674 510 2755 legitima
540 2671 835 2734 Ecclesiae
878 2671 1191 2744 electione,
1220 2669 1492 2731 adhibita
1533 2669 1608 2731 ad
1653 2692 1786 2730 eam
1833 2669 1984 2730 seria

236 2755 780 2829 Deiinvocatione,
809 2766 990 2835 atque
1029 2775 1101 2813 eo
1138 2753 1345 2813 ordine
1374 2764 1435 2813 et
1466 2753 1648 2813 modo
1676 2752 1780 2833 qui
1810 2752 1984 2812 nobis

239 2838 360 2901 Dei
402 2840 584 2899 verbo
632 2838 1049 2920 praescribitur.
1134 2835 1382 2897 Debent
1431 2846 1632 2896 autem
1683 2835 1983 2917 imprimis

241 2920 458 3003 singuli
488 2941 714 2992 cavere,
741 2942 819 2981 ne
854 2919 1077 2980 illicitis
1107 2918 1320 2980 mediis
1352 2940 1479 2978 sese
1509 2918 1582 2978 ad
1616 2918 1748 2978 haec
1778 2917 1986 2979 munia

242 3004 531 3084 ingerant.
614 2999 1078 3085 Expectandum
1118 3012 1211 3063 est
1248 3002 1409 3061 enim
1451 3000 1756 3074 omnibus,
1794 2999 1985 3061 donec

243 3109 279 3147 a
311 3085 454 3148 Deo
492 3085 624 3167 ipso
652 3091 957 3155 vocentur,
987 3095 1055 3145 ut
1096 3095 1328 3146 certum
1368 3084 1630 3144 habeant
1658 3082 1985 3143 vocationis

243 3190 366 3231 suae
415 3168 853 3241 testimonium,
897 3166 1208 3248 sciantque
1255 3189 1389 3227 eam
1439 3188 1568 3227 esse
1614 3188 1648 3226 a
1692 3165 1984 3227 Domino.

243 3252 544 3313 Caeterum
589 3250 693 3311 ubi
736 3251 858 3311 sint
894 3250 1163 3311 locorum
1191 3249 1356 3311 verbi
1389 3249 1507 3310 Dei
1539 3249 1818 3323 ministri,
1847 3270 1988 3310 ean-

243 3335 381 3397 dem
410 3333 497 3394 illi
525 3345 707 3414 atque
733 3333 1024 3414 oequalem
1062 3354 1271 3393 omnes
1310 3332 1536 3391 habent
1563 3343 1694 3392 tum
1727 3342 1988 3415 potesta·

243 3430 390 3490 tem,
439 3428 573 3477 tum
630 3415 1067 3489 auctoritatem,
1113 3425 1183 3475 ut
1236 3414 1340 3495 qui
1390 3414 1513 3474 sint
1559 3435 1729 3495 oeque
1777 3436 1987 3476 omnes

243 3500 469 3562 Christi
503 3499 661 3559 unici
693 3498 852 3559 illius
873 3497 1139 3581 episcopi
1168 3496 1516 3557 universalis
1544 3508 1607 3557 et
1633 3496 1845 3581 capitis
1867 3497 1990 3560 Ec—

245 3584 442 3645 clesioe
471 3582 746 3643 ministri.
817 3581 998 3641 Porro
1026 3600 1103 3640 ne
1133 3590 1337 3641 sancta
1366 3579 1496 3641 haec
1522 3579 1643 3641 Dei
1674 3578 1987 3655 ordinatio,

248 3678 351 3728 ant
390 3666 664 3736 violetur,
693 3675 797 3725 ant
837 3665 1012 3725 abeat
1040 3663 1101 3723 in
1132 3673 1572 3745 contemptum,
1599 3661 1821 3725 debent
1857 3685 2020 3725 oms

1647 3771 1680 3785 l
