2418 4172
415 352 517 402 100
1040 356 1527 411 CONFESSIO

1021 553 1125 616 De
1154 554 1560 639 Mag-istrata.

1183 692 1395 754 XXX.

418 807 1064 892 MAGISTRATUS
1105 833 1303 893 omnis
1346 832 1576 915 generis
1620 834 1696 893 ab
1740 832 1872 915 ipso
1901 832 2041 895 Deo
2075 842 2170 893 est

416 909 726 971 institutus
770 911 845 973 ad
883 913 1114 995 generis
1146 915 1394 976 humani
1428 937 1638 997 pacem
1670 938 1740 976 ac
1768 914 2177 997 tranquillita-

417 1002 563 1067 tem,
591 993 693 1066 ita,
724 1006 792 1054 ut
833 995 1097 1076 primum
1141 996 1201 1056 in
1240 997 1469 1059 mundo
1499 999 1701 1059 locum
1730 998 2018 1059 obtineat.
2101 995 2167 1057 Si

416 1073 518 1136 hic
548 1074 625 1135 sit
654 1075 1018 1137 adversarius
1047 1078 1331 1153 ecclesioe,
1352 1092 1414 1139 et
1442 1080 1731 1162 impedire
1758 1092 1819 1141 et
1848 1078 2172 1142 obturbare

415 1168 615 1239 potest
670 1158 1020 1241 plurimum.
1107 1160 1172 1220 Si
1231 1172 1432 1222 autem
1486 1162 1563 1222 sit
1611 1162 1840 1224 amicus
1898 1161 2169 1245 adeoque

416 1239 757 1300 membrum
801 1240 1085 1312 ecclesiae,
1131 1242 1518 1303 utilissimum
1562 1243 2171 1306 excellentissimum-

458 1343 535 1382 ue
564 1323 904 1383 membrum
937 1335 1029 1382 est
1055 1323 1345 1399 ecclesiae,
1367 1324 1530 1405 quod
1552 1325 1607 1386 ei
1631 1325 2005 1408 permultum
2031 1345 2172 1409 pm-

414 1342 603 1476 desse,
630 1425 761 1464 eam
795 1403 1056 1485 denique
1084 1406 1422 1489 peroptime
1440 1406 1652 1488 juvare
1680 1418 1897 1490 potest.
2167 1446 2174 1451 -

497 1484 648 1565 Ejus
677 1485 939 1547 officium
973 1489 1344 1572 praecipuum
1382 1501 1490 1565 est,
1519 1511 1730 1573 pacem
1775 1502 1838 1551 et
1877 1489 2171 1572 tranquil-

417 1568 647 1629 litatem
699 1570 1004 1651 publicam
1055 1593 1372 1654 procurare
1422 1583 1484 1632 et
1531 1595 1901 1635 conservare.
1985 1572 2167 1656 Quod

414 1672 557 1711 sane
586 1673 898 1732 nunquam
927 1653 1134 1714 fecerit
1161 1654 1412 1728 felicius,
1440 1677 1625 1736 quam
1654 1677 1793 1717 cum
1821 1655 2004 1718 fuerit
2029 1676 2169 1717 vere

414 1733 635 1794 timens
666 1733 784 1795 Dei
814 1757 883 1796 ac
912 1735 1240 1818 religiosus,
1269 1737 1372 1820 qui
1404 1736 1683 1799 videlicet
1710 1738 1785 1799 ad
1813 1737 2168 1823 exemplum

414 1816 925 1878 sanctissimorum
983 1840 1194 1901 regum
1246 1820 1716 1914 principumque
1772 1821 1981 1904 populi
2037 1820 2172 1883 Do-

415 1897 586 1973 mini,
634 1898 899 1960 veritatis
956 1900 1464 1983 praedicationem,
1512 1915 1572 1964 et
1628 1903 1812 1964 fidem
1872 1904 2165 1966 sinceram

412 1981 796 2064 promoverit,
818 1982 1132 2045 mendacia
1153 1995 1215 2045 et
1238 1985 1724 2078 superstitionem
1747 2006 1993 2046 omnem
2023 2006 2166 2048 cum

413 2064 578 2125 omni
612 2064 920 2146 impietate
949 2076 1011 2125 et
1039 2065 1375 2127 idololatria
1396 2066 1702 2141 exciderit,
1731 2066 2169 2151 ecclesiamque

414 2145 533 2207 Dei
563 2145 912 2208 defenderit.
972 2146 1275 2229 Equidem
1307 2148 1595 2211 docemus
1617 2149 1919 2233 religionis
1940 2171 2168 2225 curam,

414 2230 495 2289 im
546 2228 710 2289 rimis
740 2231 1036 2312 pertinere
1066 2230 1140 2292 ad
1171 2232 1591 2314 magistratum
1621 2244 1917 2295 sanctum.
2022 2239 2028 2249 “

550 2322 725 2373 eneat
765 2334 909 2395 ergo
951 2313 1079 2395 ipse
1120 2313 1183 2373 in
1229 2314 1507 2376 manibus
1540 2316 1789 2376 verbum
1820 2315 1964 2391 Dei,
1993 2326 2057 2377 et
2090 2338 2168 2378 ne

414 2393 556 2455 huic
585 2395 948 2455 contrarium
979 2394 1265 2457 doceatur
1292 2408 1590 2479 procuret,
1618 2397 1793 2459 bonis
1830 2397 1976 2460 item
2017 2398 2169 2481 legi·

412 2477 525 2536 bus
556 2476 629 2536 ad
662 2478 908 2538 verbum
942 2476 1061 2537 Dei
1096 2478 1448 2562 compositis
1489 2478 1832 2541 moderetur
1949 2480 2164 2561 pulum

412 2558 523 2619 sibi
568 2580 602 2619 a
630 2558 769 2620 Deo
806 2558 1121 2635 creditum,
1150 2559 1534 2643 eundemque
1571 2562 1635 2623 in
1673 2561 1868 2647 discip
1893 2563 2010 2639 ina,
2036 2561 2167 2625 offi-

408 2641 523 2715 cio,
550 2640 1011 2723 obedientiaque
1039 2643 1363 2705 contineat.
1435 2643 1478 2704 J
1484 2643 1678 2707 udicis
1706 2657 1982 2707 exerceat
1998 2648 2167 2727 juste

401 2721 755 2803 judicando,
784 2746 859 2785 ne
894 2746 985 2785 res
1033 2724 1173 2787 iciat
1211 2748 1549 2808 personam,
1579 2739 1685 2789 aut
1720 2749 1970 2790 munera
2012 2729 2167 2790 sed-

413 2805 558 2888 piat,
578 2805 808 2879 viduas,
831 2747 1111 2901 pupiffos,
1132 2821 1194 2870 et
1222 2809 1468 2871 afflictos
1491 2821 1730 2884 asserat,
1755 2811 2030 2891 injustos,
2051 2810 2167 2872 im·

411 2900 680 2971 postores
708 2901 771 2949 et
798 2890 1093 2951 violentos
1123 2904 1394 2953 coerceat
1428 2903 1610 2974 atque
1650 2891 1799 2954 adeo
1835 2904 1898 2954 et
1930 2893 2166 2956 exscin-

411 2969 534 3032 dat.
620 2971 840 3056 Neque
880 2973 1039 3035 enim
1226 2984 1326 3037 tra
1365 2976 1597 3057 accepit
1633 2997 1672 3037 a
1703 2974 1839 3037 Deo
1861 2973 2164 3059 gladium.

411 3053 682 3137 Stringat
709 3076 743 3116 e
884 3054 1046 3118 hunc
1133 3058 1184 3117 ei
1216 3057 1485 3139 gladium
1517 3058 1579 3119 in
1602 3078 1814 3120 omnes
1838 3059 2164 3131 maleficos,

414 3135 744 3213 seditiosos,
795 3149 1030 3200 atrones
1068 3141 1161 3200 vel
1201 3140 1555 3211 homicidas,
1584 3162 1982 3224 oppressores,
2008 3140 2165 3204 blu-

414 3220 689 3300 phemos,
719 3220 1005 3305 perjuros,
1034 3234 1095 3283 et
1138 3223 1197 3284 in
1242 3244 1453 3284 omnes
1495 3245 1615 3298 eos,
1643 3244 1796 3305 quos
1836 3222 2008 3285 Deus
2041 3242 2164 3318 pu·

415 3302 539 3363 nire
578 3325 646 3363 ac
683 3304 862 3364 etiam
903 3303 1130 3366 caedere
1158 3306 1356 3386 jussit.
1440 3306 1731 3367 Coerceat
1762 3316 1825 3367 et
1854 3305 2161 3368 baetico·

415 3385 544 3464 (qui
590 3407 723 3447 vere
765 3386 1025 3449 hoeretici
1061 3392 1225 3467 sunt)
1257 3389 1706 3471 incorrigibiles,
1732 3387 1853 3450 Dei
1884 3396 2161 3467 majesta-

414 3479 534 3526 tem
563 3467 996 3549 blasphemare,
1019 3486 1080 3531 et
1100 3470 1412 3534 ecclesiam
1437 3471 1558 3533 Dei
1587 3469 1962 3541 conturbare,
1984 3466 2160 3530 odeo-

415 3568 531 3626 que
576 3550 818 3629 perdere
862 3574 983 3612 non
1026 3553 1387 3615 desinentes.
1474 3552 1656 3622 Quod
1698 3551 1748 3612 si
1796 3571 2039 3612 necesse
2082 3551 2161 3613 sit

413 3628 593 3688 etiam
643 3630 799 3690 bello
843 3634 1048 3715 populi
1097 3656 1442 3696 conservare
1487 3635 1761 3707 salutem,
1804 3632 2052 3709 bellum,
2097 3634 2158 3695 in

2380 2842 2388 2858 ..
2381 2750 2388 2789 --
2380 2685 2387 2700 ..
2375 2505 2395 2646 ..VJ-...-
2369 2248 2400 2473 ‚3-„„-„2
2390 2087 2393 2091 .
