2418 4172
661 368 768 422 DE
805 367 1089 421 REDEM
1096 367 1339 421 P'rloN
1343 367 1412 420 Ε.
1800 368 1906 422 425

175 518 214 557 θ’
238 510 335 572 vel
378 510 707 594 plenariam
737 508 1227 584 voluntatem,de
1270 528 1424 569 novo
1465 528 1605 567 cum
1646 508 1910 570 homini·

171 600 213 638 -“
241 594 355 654 bus
394 591 627 675 agendi,
651 605 715 653 et
752 614 955 663 novas,
982 612 1371 672 quascunque
1398 589 1576 649 vellet
1619 590 1908 652 conditio·

174 681 212 721 ‘⁶
240 697 367 749 nes,
393 674 827 758 proscribendi,
854 694 1104 754 quarum
1154 671 1458 754 proentatio
1498 692 1535 731 a
1577 668 1763 731 libero
1806 672 1908 732 bo-

177 763 215 793 “
241 757 425 819 minis
469 756 711 818 arbitrio
877 755 1033 828 dent,
1060 765 1239 834 atque
1281 752 1416 813 ideo
1458 752 1584 812 fleri
1711 754 1913 828 tuisse,

177 846 216 875 “
242 850 314 901 ut
337 838 432 900 -vel
460 859 662 911 nemo,
689 777 1020 896 veffinmnoe
1043 856 1146 926 eas
1178 834 1545 926 implerent?
1628 774 1719 927 ἷ-ἷί
1748 836 1910 896 enim

177 919 257 982 de
283 930 477 981 auerte
505 918 728 980 Christi
770 917 951 978 nimis
984 918 1221 996 abjecte
1248 928 1534 991 sentiunt,
1562 918 1912 999 primarium

178 1001 444 1064 finctum
482 1022 590 1063 seu
619 999 974 1061 beneficium
1005 1020 1111 1081 per
1137 1020 1272 1060 eam
1303 1010 1541 1080 partum
1574 999 1915 1060 nullatenus

172 1073 534 1167 ,agnoscuuss
559 1094 620 1144 et
649 1081 1037 1164 Pelagianum
1082 1103 1339 1142 errorem
1382 1082 1459 1142 ab
1503 1080 1706 1142 inferis
1753 1103 1918 1143 revo-

174 1178 323 1229 mut

268 1329 393 1399 Qui
435 1328 672 1403 docent,
711 1335 747 1365 ‘⁸
778 1327 1005 1389 Foedus
1045 1326 1194 1388 iilud
1239 1349 1463 1388 novum
1509 1328 1731 1410 gratiae,
1758 1331 1919 1410 quod

187 1418 224 1448 “
251 1411 424 1475 Deus
451 1411 644 1485 Pater,
676 1433 782 1493 per
824 1410 1032 1471 mortis
1061 1410 1288 1471 Christi
1330 1411 1734 1471 interventum
1778 1433 1920 1472 oum

186 1501 225 1531 “
255 1492 601 1555 bominibus
630 1492 880 1576 pepigit,
908 1515 1028 1553 non
1057 1492 1119 1553 in
1161 1515 1232 1552 eo
1261 1493 1600 1567 consistere,
1627 1493 1788 1574 quod
1817 1515 1924 1576 per

188 1583 230 1614 “
258 1575 465 1649 fldem,
490 1587 784 1656 quatenus
819 1575 1101 1635 meritum
1125 1574 1356 1635 Christi
1385 1575 1798 1657 apprehendit,
1826 1597 1926 1636 co-

187 1665 383 1720 “ram
427 1657 567 1718 Deo
604 1657 1010 1736 justificemur
1049 1667 1114 1716 et
1159 1657 1492 1727 salvemur3
1536 1657 1640 1717 sed
1683 1657 1746 1717 in
1791 1658 1927 1732 hoc,

182 1748 230 1785 ⁸
257 1738 420 1822 quod
456 1738 650 1811 Deua,
681 1740 967 1819 abrogata
1006 1737 1284 1819 perfectae
1323 1738 1679 1799 obedientiae
1721 1738 1926 1820 legalis

189 1830 229 1872 ᾳ
246 1820 590 1894 exactione,
618 1820 802 1881 fldem
843 1820 1038 1903 ipsam
1082 1831 1144 1879 et
1184 1819 1324 1880 fidei
1367 1819 1772 1881 obedientiam
1815 1821 1930 1881 im-

184 1913 231 1945 “
252 1903 589 1988 perfectam
615 1924 730 1985 pro
756 1903 1020 1984 perfecta
1048 1902 1196 1983 legis
1223 1901 1565 1963 obedientia
1592 1914 1848 1985 reputet,
1867 1916 1931 1964 et

184 1986 394 2048 “xvitae
447 1996 682 2046 aeternoe
922 1986 983 2046 io
1039 1984 1294 2066 gratiose
1341 1984 1586 2065 dignam
1644 1986 1932 2046 censeat.”

193 2068 287 2131 Hi
316 2068 481 2129 enim
510 2079 716 2128 contra
762 2067 930 2127 icunt
955 2065 1763 2149 Scripturae‚·lustfficantur
1778 2090 1933 2150 gra-

196 2151 297 2224 tis,
325 2171 457 2247 vus
493 2150 726 2232 gratia,
761 2170 878 2229 per
903 2148 1366 2230 redemptionem
1442 2158 1637 2211 actam
1683 2150 1749 2210 in
1774 2150 1932 2212 «Iesu

206 2233 471 2305 Christo,
517 2253 692 2315 quem
731 2232 1053 2313 proposuit
1100 2231 1280 2292 Deus
1472 2240 1778 2293 amentum
1819 2254 1935 2313 pm·

174 2314 380 2399 fidem
407 2315 475 2376 in
497 2315 800 2399 sanguine
836 2314 984 2397 aey'us.
1030 2313 1211 2375 Rom.
1238 2313 1323 2374 iii.
1353 2327 1453 2388 24,
1484 2326 1582 2376 25.
1666 2314 1750 2375 Et
1790 2337 1931 2376 cum

198 2398 392 2480 impio
416 2398 660 2475 Soeirm,
692 2418 906 2458 novam
936 2408 998 2457 et
1025 2396 1398 2479 peregrinam
1429 2396 1690 2457 hominis
1731 2419 1932 2458 eoram

195 2480 344 2542 Deo
357 2478 875 2559 justificationem,
905 2493 1112 2540 contra
1148 2479 1332 2540 totius
1372 2479 1657 2541 Ecclesiae
1686 2502 1936 2541 consen,-

203 2584 362 2638 sum,
391 2561 703 2623 inducunt.
1031 2643 1089 2703 V

291 2726 414 2795 Qui
442 2725 679 2801 docent,
709 2734 751 2763 “
770 2726 1001 2786 Omnes
1032 2726 1306 2786 homines
1336 2726 1396 2784 in
1428 2737 1648 2786 statum
1674 2726 1938 2787 reconci-

208 2817 250 2852 ‘·‘
277 2807 538 2870 lintionis
558 2819 628 2869 et
648 2808 904 2889 gratiam
934 2808 1174 2870 foederis
1216 2829 1342 2867 esse
1370 2820 1729 2890 assumptos,
1757 2808 1842 2868 ita
1874 2819 1940 2868 ut

209 2898 246 2927 ‘⁶
275 2912 456 2951 nemo
498 2902 740 2972 propter
768 2901 1081 2972 peccatum
1125 2890 1408 2970 originale
1452 2890 1528 2949 sit
1569 2890 1938 2951 damnationi

210 2981 248 3009 “
276 2971 595 3045 obnoxius,
644 2984 747 3032 aut
793 2971 1187 3044 damnandus,
1233 2971 1335 3030 sed
1385 2993 1594 3031 omnes
1645 2973 1721 3032 ab
1771 2972 1940 3032 istius

211 3063 247 3091 ‘⁴
276 3054 505 3137 peccati
536 3066 700 3115 reatu
731 3053 850 3114 sin‘t
879 3054 1230 3114 immunes.”
1315 3053 1469 3114 Haec
1506 3054 1667 3113 enim
1707 3066 1943 3115 senten-

213 3137 297 3197 tia
342 3148 636 3232 repugnat
670 3136 1008 3217 Scripturae,
1046 3135 1360 3196 affirmanti
1397 3157 1504 3196 nos
1546 3144 1773 3197 natura
1818 3158 1945 3198 esse

191 3217 375 3301 filios
402 3240 525 3279 ινιτ.

1028 3299 1138 3359 vl.

301 3381 424 3451 Qui
468 3381 898 3463 impetrationis
940 3393 1002 3440 et
1044 3381 1456 3475 applicationis
1500 3380 1946 3444 distinctionem

219 3487 363 3526 usur
406 3476 529 3537 ant,
556 3475 625 3524 ut
673 3463 926 3524 incautis
968 3476 1029 3523 et
1071 3464 1362 3545 imperitis
1406 3463 1560 3523 banc
1601 3464 1947 3546 opinionem

222 3486 542 3607 instiiient:
586 3546 814 3620 Deum,
842 3556 1133 3627 quantum
1179 3545 1251 3605 ad
1296 3567 1358 3605 se
1401 3545 1632 3618 attinet,
1668 3546 1948 3608 omnibus

225 3629 571 3691 hominibus
613 3651 687 3693 ex
730 3650 903 3710 aequo
945 3651 1015 3689 ea
1057 3626 1346 3689 beneficia
1373 3628 1652 3715 voluisse‘
1670 3629 1951 3705 conferre,
2025 3643 2034 3647 ’

1659 3731 1693 3746 l
