2418 4172
470 323 577 380 186
905 380 910 383 ,
1093 324 1574 380 CONFESSIO

466 475 503 563 ξ’
529 465 989 542 desiderantem,
1018 465 1218 529 Miser
1245 488 1356 561 ego
1382 466 1574 541 homo,
1593 466 1686 528 &c
1702 465 1755 527 ἲ*
1781 465 1984 529 Facile
2005 477 2205 529 autem

456 549 717 632 judicari
764 562 963 634 potest
1005 572 1392 612 necessariam
1432 572 1561 611 esse
1590 548 1856 611 ecclesioe
1883 548 2042 612 hanc
2068 549 2213 611 doc-

463 636 709 708 trinam,
747 646 813 696 ut
862 634 1053 696 sciant
1104 634 1378 695 homines
1421 656 1485 694 se
1527 655 1647 694 non
1691 631 2028 695 satisfacere
2072 632 2211 726 legi,

464 728 530 779 et
555 730 760 780 tamen
791 717 1049 779 habeant
1079 716 1571 788 consolationem,
1600 714 1905 796 quomodo
1935 716 2064 778 hoec
2095 736 2211 776 im·
2336 738 2343 744 ·

464 800 729 883 perfecta
769 800 1110 862 obedientia
1151 801 1403 882 placeat.
1477 799 1658 860 Hanc
1698 797 2031 860 doctrinam
2072 797 2211 858 bor-

466 882 719 946 ribiliter
764 884 1093 945 obruerunt
1139 883 1285 943 olim
1331 881 1605 963 quoedam
1656 881 1926 942 absurdae
1968 901 2214 974 persua-

463 967 683 1040 siones,
711 966 771 1028 in
810 965 1032 1047 quibus
1075 964 1298 1026 indocti
1342 976 1550 1026 contra
1592 965 1970 1025 autoritatem
2009 965 2214 1045 Scrup-
2251 978 2270 993 ‘

464 1059 615 1112 turae
653 1061 715 1111 et
750 1049 965 1110 veteris
1001 1046 1266 1108 ecclesiae
1303 1049 1608 1107 finxerunt
1637 1046 1914 1108 homines
1942 1047 2059 1141 legi
2089 1045 2208 1107 Dei

467 1132 838 1200 satisfacere;
894 1132 1063 1202 item,
1095 1128 1295 1207 justos
1341 1150 1470 1189 esse
1513 1139 1757 1210 propter
1805 1129 1952 1211 legis
1999 1129 2213 1212 imple·

465 1214 716 1288 tionem,
738 1214 850 1275 ἔω.
871 1223 934 1273 et
955 1210 1285 1273 monachos
1316 1210 1608 1292 perfectos
1636 1232 1785 1284 esse,
1812 1222 1875 1271 et
1901 1210 2214 1305 ampliora,

462 1307 531 1357 et
566 1295 979 1379 praestantiora
1016 1316 1196 1375 opera
1230 1304 1527 1375 praestare,
1554 1313 1739 1373 quam
1771 1292 1870 1352 lex
1897 1291 2020 1354 Det
2048 1293 2216 1375 flagi-

464 1389 573 1439 tat.
656 1379 912 1440 Interim
959 1377 1315 1438 altissimum
1371 1375 1675 1436 silentium
1719 1386 1867 1448 erat,
1908 1374 2215 1456 quomodo

466 1460 588 1523 fide
623 1459 1164 1544 apprehendendus
1193 1458 1271 1519 sit
1298 1458 1605 1520 Mediator
1632 1457 1947 1527 Christus;
1988 1456 2095 1519 sed
2111 1457 2216 1538 ju·

464 1544 691 1606 bebant
718 1544 1011 1617 dubitare,
1036 1553 1141 1604 aut
1167 1542 1469 1604 confidere
1498 1540 1752 1623 propriis
1781 1540 2080 1622 operibus.

547 1627 849 1689 Caeterum
895 1625 972 1686 de
1015 1626 1131 1687 hac
1172 1625 1516 1686 obedientia
1555 1623 1738 1684 etiam
1774 1622 2082 1697 docemus,
2110 1643 2213 1684 eos

514 1709 573 1770 ui
602 1709 932 1771 admittunt
961 1719 1207 1791 peccata
1234 1707 1528 1781 mortalia,
1549 1727 1673 1767 non
1694 1727 1823 1766 esse
1834 1705 2052 1786 justos,
2071 1706 2215 1787 quia

465 1731 640 1857 gens
668 1791 914 1874 requirit
943 1792 1099 1852 banc
1125 1789 1552 1863 obedientiam,
1574 1800 1643 1851 ut
1664 1788 2008 1850 resistamus
2036 1788 2216 1850 vitio-

465 1875 547 1938 sis
590 1875 917 1937 affectibus.
1002 1873 1129 1943 Qui
1171 1885 1372 1934 autem
1418 1893 1540 1933 non
1581 1882 1939 1953 repugnant,
1966 1870 2071 1932 sed
2107 1871 2217 1932 ob»

467 1968 807 2040 temperant
845 1957 931 2018 eis
968 1967 1174 2018 contra
1219 1955 1568 2016 mandatum
1611 1953 1755 2027 Dei,
1782 1964 1845 2014 et
1885 1952 2217 2015 admittunt

469 2042 733 2103 actiones
796 2051 1004 2101 contra
1058 2037 1508 2110 conscientiam,
1559 2036 1622 2097 hi
1680 2045 1823 2096 sunt
1875 2035 2106 2116 injusti,
2151 2047 2219 2098 α

467 2145 666 2206 neque
704 2122 997 2206 Spiritum
1030 2121 1342 2195 Sanctum,
1370 2140 1567 2201 neque
1602 2118 1808 2193 fidem,
1833 2117 1895 2179 id
1924 2130 2034 2193 est,
2061 2117 2219 2181 fidn-

468 2207 624 2269 ciam
656 2205 1095 2279 misericordioe,
1123 2203 1401 2264 retinent.
1474 2202 1638 2264 Nam
1671 2202 1732 2262 in
1763 2201 1857 2262 his
1884 2201 1989 2283 qui
2013 2201 2216 2263 delec-

467 2301 675 2351 tantur
714 2289 998 2373 peccatis,
1034 2309 1148 2349 nec
1191 2299 1379 2368 agunt
1420 2284 1866 2368 poenitentiam,
1900 2306 1978 2345 ne
2014 2295 2219 2378 potest

466 2372 713 2454 quidem
759 2371 980 2434 fiducia
1018 2370 1322 2445 exsistere,
1355 2391 1491 2450 quoe
1532 2378 1760 2449 quaerat
1801 2367 2213 2429 remissionem

469 2468 878 2538 peccatorum.

556 2537 806 2611 Quinto,
823 2536 1090 2598 Necesse
1117 2545 1209 2597 est
1239 2534 1355 2594 hoc
1383 2554 1625 2614 quoque
1653 2531 1887 2605 docere,
1907 2530 2216 2612 quomodo

470 2620 665 2683 facere
708 2618 983 2680 homines
1023 2618 1181 2678 bona
1216 2639 1253 2677 o
1335 2638 1397 2676 ra
1506 2616 1672 2676 ssint.
1759 2614 1953 2676 Modo
1979 2613 2211 2676 dictum

469 2714 581 2774 est,
610 2701 918 2784 quomodo
945 2701 1225 2784 placeant
1309 2722 1400 2772 eo,
1422 2639 1524 2760 Eib
1553 2698 1829 2760 addimus
1857 2696 2040 2758 etiam
2065 2719 2220 2779 quo-

470 2785 654 2848 modo
691 2785 818 2846 fieri
860 2783 1130 2869 possint3
1173 2782 1284 2844 etsi
1324 2783 1487 2843 enim
1531 2781 1806 2843 homines
1835 2781 1959 2842 suis
1988 2779 2214 2843 viribus

469 2879 719 2931 externa
759 2867 1014 2930 honesta
1048 2887 1231 2949 opera
1262 2877 1569 2946 utcunque
1596 2863 1830 2926 efficere
1857 2875 2129 2947 possunt,
2154 2873 2218 2925 et

472 2950 633 3014 hanc
672 2949 1052 3034 disciplinam
1095 2947 1320 3010 debent
1361 2959 1656 3031 proestare,
1687 2959 1890 3009 tamen
1937 2946 2214 3008 homines

471 3034 601 3096 sine
637 3032 758 3095 fide
793 3044 937 3095 sunt
964 3032 1026 3094 in
1054 3042 1350 3115 potestate
1377 3031 1646 3103 Diaboli,
1674 3030 1780 3112 qui
1818 3028 2080 3113 impellit
2112 3047 2215 3091 eos

472 3116 548 3179 ad
580 3115 957 3179 manifestam
985 3114 1445 3198 turpitudinem,
1463 3126 1720 3196 occupat
1746 3113 1979 3174 animos
2004 3129 2212 3174 eorum

472 3199 676 3283 impiis
716 3211 780 3262 et
813 3197 1180 3282 blasphemis
1222 3218 1261 3258 o
1306 3197 1626 3270 inionibus,
1655 3195 1715 3257 id
1757 3196 1923 3257 enim
1959 3205 2053 3256 est
2083 3213 2216 3275 reg-

474 3304 621 3343 num
655 3294 717 3345 et
754 3282 1024 3365 tyrannis
1053 3281 1258 3343 Diabo
1285 3282 1320 3342 i.
1405 3279 1502 3342 Ad
1536 3281 1683 3354 lucc,
1711 3290 1925 3341 natura
1949 3298 2059 3362 per
2082 3294 2213 3336 sese

473 3364 712 3427 infirma
739 3377 849 3440 est,
875 3376 937 3427 et
965 3386 1086 3427 non
1115 3375 1315 3448 potest
1343 3363 1471 3425 sine
1500 3363 1724 3425 aiuilio
1744 3362 1865 3424 Dei
1888 3357 2215 3451 sacrique,

474 3458 538 3507 et
563 3447 892 3530 spiritualia
911 3470 1093 3533 opera
1112 3447 1360 3509 efficere.
1432 3445 1581 3509 Ideo
1599 3445 1895 3508 docentur
1920 3441 2214 3515 homiues,

470 3526 537 3589 in
566 3531 874 3611 evangelio
902 3531 1174 3614 promitti
1204 3529 1498 3625 Spiritum
1523 3530 1834 3600 Sanctum,
1852 3522 1954 3606 qui
1978 3521 2213 3585 animos

475 3629 703 3685 eorum,
730 3612 836 3692 qui
879 3624 1066 3694 agunt
1105 3611 1528 3696 poenitentiam
1570 3621 1638 3672 et
1673 3605 1984 3690 evaugelio
2015 3624 2215 3669 assu·-
