2418 4172
1185 373 1487 449 [858]

465 527 527 579 et
568 515 1013 598 corrigeremus.
1096 515 1140 577 J
1145 517 1396 578 acebant
1425 516 1666 591 scholoe,
1692 526 1897 579 tenera
1914 517 2201 599 juventus

466 599 899 683 negligebatur,
928 598 1093 659 nulla
1120 610 1246 660 erat
1274 600 1335 660 in
1364 599 1652 682 religione
1672 598 2015 663 Christiana
2040 613 2204 664 certa

463 692 525 743 et
566 681 941 743 consentiens
985 681 1297 743 institutio.
1383 681 1479 743 Ita
1528 705 1603 743 ue
1645 682 1739 743 vel
1786 682 1943 744 male
1982 683 2078 745 vel
2127 683 2202 745 ad

462 764 690 825 nullam
722 775 945 826 certam
975 783 1270 839 normam,
1298 763 1400 825 sed
1441 705 1522 826 ad
1557 764 1847 846 cujusque
1890 764 2200 827 arbitrium

454 846 741 927 juventus
770 845 1168 921 erudiebatur,
1195 847 1287 908 vel
1319 847 1568 908 omnino
1597 869 1715 907 non
1753 845 2205 923 informabatur,

464 928 567 989 sed
624 927 817 989 rudis·
883 951 1075 989 rorsus
1124 941 1186 990 et
1235 930 1511 1012 impolita
1556 930 2020 1011 relinquebatur.
2103 929 2204 993 Ex

464 1032 605 1092 quo,
632 1010 783 1093 proh
854 1011 1016 1071 olor!
1062 1033 1203 1072 cum
1241 1012 1356 1073 alia
1392 1012 1628 1073 infinita
1670 1012 1831 1073 mala
1858 1012 2204 1088 extiterunt,

464 1103 598 1154 tum
653 1091 800 1152 illud
851 1092 1145 1173 inprimis,
1185 1104 1256 1154 ut
1296 1105 1402 1155 aut
1435 1116 1574 1155 vera
1615 1093 1902 1176 religione
1950 1115 2072 1156 non
2113 1094 2203 1157 in·

464 1174 694 1246 structi,
736 1186 838 1234 aut
872 1174 1047 1234 variis
1090 1175 1384 1236 erroribus
1426 1175 1743 1268 implicati,
1786 1188 1890 1237 aut
1930 1198 2053 1239 non
2096 1198 2207 1239 ne-

464 1256 731 1318 cessariis
775 1256 1204 1336 quaestionibus
1241 1257 1488 1331 onerati,
1515 1256 1831 1318 infeliciter
1863 1279 2004 1319 cum
2041 1280 2207 1321 sum-

462 1360 564 1399 ma
592 1337 827 1399 inscitia
866 1337 1290 1400 adolescerent.
1374 1338 1535 1400 Cum
1584 1339 1688 1399 has
1727 1350 1923 1400 tantas
1961 1340 2207 1403 calami·

462 1431 614 1481 tates
659 1420 1046 1495 intueremur,
1082 1432 1145 1482 et
1187 1420 1267 1495 id,
1306 1420 1468 1502 quod
1513 1443 1605 1482 res
1647 1432 1757 1496 est,
1786 1422 2206 1503 cogitaremus,

460 1501 737 1565 videlicet
792 1525 905 1564 nec
959 1503 1319 1576 Ecclesiam,
1363 1526 1477 1565 nec
1524 1504 1981 1588 rempublicam,
2023 1516 2205 1648 atqlue

458 1584 608 1646 adeo
649 1608 727 1647 ne
766 1585 1024 1647 familias
1067 1586 1310 1668 quidem
1356 1587 1664 1661 constitui,
1706 1610 1818 1649 nec
1859 1587 2052 1650 ullum
2140 1610 2207 1649 o-

460 1668 677 1729 nestati
722 1680 826 1728 aut
866 1668 1196 1750 disciplinae
1234 1670 1388 1733 inter
1414 1670 1572 1731 cives
1611 1670 1809 1731 locum
1851 1692 1980 1731 esse
2007 1691 2204 1753 posse,

459 1750 574 1811 nisi
613 1749 775 1812 rudis
805 1750 1093 1830 juventus
1132 1774 1166 1812 a
1204 1751 1414 1834 primis
1452 1752 1643 1826 annis,
1671 1775 1790 1813 una
1818 1764 1879 1812 et
1906 1753 2206 1814 consenti·

460 1833 585 1894 enti
614 1854 761 1895 voce
791 1832 866 1893 ad
894 1854 1095 1894 veram
1126 1834 1538 1916 sinceramque
1567 1834 1915 1917 religionem
1947 1835 2204 1896 instrue-

458 1927 638 1987 retur,
669 1914 1026 1996 assidueque
1064 1914 1127 1975 in
1163 1938 1235 1976 ea
1270 1917 1727 1976 exercitaretur:
1769 1917 1853 1977 rei
1881 1919 2203 1979 necessitas

456 1997 622 2070 fecit,
651 2008 719 2057 ut
749 1997 891 2057 huic
919 1997 1099 2068 malo,
1127 2019 1248 2078 qua
1273 2019 1588 2080 possemus
1620 1998 1868 2071 ratione,
1894 2019 2078 2079 quam
2107 2020 2205 2061 ce-

460 2080 698 2141 lerrime
724 2101 1203 2140 occurreremus:
1246 2102 1323 2140 ne
1351 2080 1414 2140 in
1445 2080 1559 2140 hac
1588 2102 1709 2140 non
1738 2091 2042 2163 postrema
2069 2102 2206 2143 nos-

458 2162 535 2224 tri
582 2161 844 2223 muneris
886 2173 1056 2244 parte
1098 2161 1373 2224 debitum
1416 2162 1680 2224 officium
1723 2163 1939 2224 merito
1967 2185 2003 2224 a
2028 2164 2203 2226 nobis

458 2243 779 2306 desiderari
821 2245 1026 2326 possit.
1114 2245 1498 2328 Quapropter
1530 2245 1829 2327 theologis
1868 2245 2104 2318 nostris,
2140 2258 2205 2308 et

459 2326 679 2409 quibus
718 2327 782 2388 in
820 2338 1022 2388 nostra
1049 2326 1276 2389 ditione
1314 2328 1615 2412 praeeipua
1647 2328 2030 2391 ecclesiarum
2060 2350 2204 2391 cura

458 2421 551 2471 est
593 2409 1038 2485 commendata,
1071 2410 1384 2492 negotium
1421 2410 1714 2485 dedimus,
1743 2423 1813 2472 ut
1840 2411 2200 2473 Catechesin

459 2491 762 2585 religionis
799 2491 1174 2567 Christianae,
1216 2514 1291 2553 ex
1335 2494 1516 2554 verbo
1557 2493 1677 2554 Dei
1720 2493 2085 2554 Germanice
2138 2504 2202 2555 et

458 2574 678 2635 Latine
720 2574 1176 2649 conscriberent,
1204 2596 1328 2655 quo
1369 2575 1431 2635 in
1475 2587 1781 2657 posterum
1826 2597 1947 2636 non
1981 2574 2204 2656 juven-

457 2657 574 2717 tuti
618 2656 812 2717 solum
858 2656 1075 2718 rectius
1118 2657 1549 2739 prospiciatur:
1594 2657 1695 2718 sed
1733 2679 1856 2739 quo
1883 2658 2201 2719 conciona-

460 2750 618 2800 tores
656 2738 839 2800 etiam
880 2749 941 2799 et
976 2737 1371 2821 ludimagistri
1412 2751 1634 2801 certam
1677 2740 1938 2801 habeant
1966 2753 2029 2801 et
2054 2739 2204 2802 defi-

460 2821 651 2883 nitam
690 2820 967 2896 formam,
995 2821 1070 2883 ad
1114 2844 1300 2904 quam
1332 2821 1716 2902 juventutem
1762 2822 1823 2883 in
1867 2822 2111 2906 templis
2139 2834 2203 2884 et

459 2903 682 2966 scholis
713 2902 1053 2979 informent,
1081 2926 1157 2965 ne
1240 2926 1304 2964 ro
1342 2927 1451 2965 suo
1490 2905 1732 2966 arbitrio
1764 2926 1918 2966 nova
1946 2905 2202 2967 subinde

459 2986 793 3061 instituant,
822 2997 926 3048 aut
967 3008 1038 3047 ea
1079 2997 1167 3048 tra
1212 2998 1334 3061 ant,
1362 3009 1496 3067 quae
1528 2988 1710 3048 verbo
1752 2987 1871 3049 Dei
1914 3009 2037 3049 non
2081 2987 2203 3049 sint

458 3081 876 3130 consentanea.
929 3069 1211 3130 Vestrum
1245 3091 1405 3130 nunc
1435 3092 1610 3152 porro
1637 3071 1768 3142 erit,
1797 3092 1935 3132 eum
1965 3071 2046 3131 ob
2071 3070 2201 3152 glo-

457 3152 606 3213 riam
639 3150 781 3226 Dei,
809 3162 942 3213 tum
972 3152 1052 3212 ob
1080 3164 1353 3226 vestram,
1381 3174 1728 3233 eorumque,
1757 3154 1860 3234 qui
1890 3165 1953 3213 et
1984 3164 2201 3214 nostra:

456 3246 519 3295 et
546 3244 756 3296 vestrae
798 3232 939 3295 fidei
981 3234 1303 3295 concrediti
1349 3248 1509 3309 sunt,
1537 3235 1810 3310 salutem,
1842 3236 1996 3297 hanc
2023 3234 2202 3296 Cate-

458 3316 662 3378 chesin
716 3327 885 3398 grato
930 3315 1133 3377 animo
1181 3317 1477 3400 excipere,
1517 3340 1650 3379 eam
1697 3319 1900 3401 pueris
1946 3337 2088 3379 cum
2137 3316 2197 3377 in

459 3399 679 3460 scholis
722 3411 852 3460 tum
895 3398 957 3460 in
1001 3398 1267 3461 ecclesiis
1311 3422 1419 3483 pro
1464 3422 1661 3476 onere,
1688 3420 2019 3482 eorumque
2045 3397 2202 3459 auri·

460 3482 570 3544 bus
608 3492 669 3542 et
713 3481 929 3543 animis
974 3480 1208 3543 assidue
1252 3504 1322 3543 ac
1366 3481 1424 3543 di
1453 3482 1682 3563 igenter
1717 3483 2035 3553 inculcare,
2075 3500 2198 3560 quo

459 3584 590 3623 eam
632 3562 752 3624 vita
798 3575 859 3624 et
907 3563 1080 3627 factis
1129 3565 1419 3646 paulatim
1462 3565 1797 3646 exprimere
1838 3574 2196 3624 assuescant.

461 3640 640 3713 Qu‘od
672 3643 719 3704 si
751 3666 784 3704 a
814 3645 1001 3718 vobis,
1031 3659 1097 3707 ut
1126 3659 1187 3707 et
1229 3645 1374 3707 fides
1403 3658 1597 3707 vestra
1633 3658 1695 3707 et
1733 3665 1950 3706 munus
1977 3641 2198 3704 divini·

2380 3412 2418 3514 ἒ

2398 3659 2418 3706 ’ἒ

2397 3711 2418 3755 ἴ
