2418 4172
657 324 1214 380 AUGUSTANA
1264 323 1517 378 MDXL.
1857 327 1958 380 211

214 467 450 565 duale,
477 488 591 529 nec
618 465 1007 529 labefactatur
1034 465 1275 551 publica
1300 462 1640 548 disciplina,
1669 485 1808 526 cum
1839 478 1957 529 tra-

214 549 489 623 ditiones,
525 570 781 630 quarum
826 549 963 610 finis
1003 560 1095 610 est
1136 547 1436 630 politicus,
1472 545 1784 607 servandas
1826 569 1955 610 esse

213 631 554 695 doceamus.
639 631 951 693 Docemus
1013 643 1077 690 et
1141 629 1418 690 scandala
1479 627 1744 689 cavenda
1806 651 1951 690 esse.

213 712 333 776 Sed
375 714 453 775 de
494 713 954 775 mortificatione
988 711 1181 771 carnis
1220 711 1305 772 sic
1343 709 1790 792 respondemus,
1818 731 1956 771 vera

212 806 277 859 et
316 818 439 857 non
489 795 768 857 simulata
818 793 1197 854 mortificatio
1247 803 1355 866 est,
1398 793 1647 853 tolerare
1696 812 1956 868 crucem,

210 878 427 940 versari
459 878 519 938 in
548 876 847 960 periculis,
874 875 1176 948 aerumnis,
1204 886 1266 935 et
1294 874 1730 935 afflictionibus.
1818 874 1955 936 Hu-

202 959 307 1042 jus
425 960 578 1022 neris
620 957 959 1019 obedientia
1002 969 1094 1017 est
1135 957 1332 1018 cultus
1369 957 1488 1017 Dei
1532 968 1593 1016 et
1634 978 1672 1016 o
1718 979 1787 1016 us
1831 957 1952 1040 spi-

211 1042 365 1105 ritua
388 1065 443 1117 e,
479 1042 634 1103 sicut
674 1040 851 1101 docet
895 1039 1184 1113 Psalmus,
1223 1038 1606 1122 Sacrificium
1724 1060 1790 1099 eo
1830 1041 1955 1121 spi·

208 1123 371 1187 rius
411 1122 867 1194 contn'bulatus,
910 1124 1019 1183 διο.
1105 1121 1413 1182 Docemus
1459 1132 1742 1204 praeterea
1792 1122 1952 1182 aliud

333 1228 402 1269 us
470 1206 888 1267 exercitiorum
965 1206 1358 1264 necessarium
1441 1225 1586 1264 esse.
1681 1204 1955 1272 Quilibet

212 1228 591 1350 &cristianus
646 1288 826 1348 etiam
886 1286 1174 1368 corporali
1238 1286 1574 1367 disciplina,
1631 1286 1956 1361 laboribus,

213 1371 627 1454 temperantia,
657 1368 1043 1429 meditatione
1090 1367 1422 1429 divinarum
1467 1389 1683 1441 rerum,
1721 1380 1782 1428 et
1824 1369 1954 1429 aliis

212 1453 511 1515 exercitiis
554 1451 708 1533 aptis
751 1450 935 1523 aetati,
963 1472 1231 1510 coercere
1268 1472 1509 1510 carnem
1538 1450 1734 1511 debet.
1822 1451 1956 1512 Ho-

213 1552 347 1596 rum
393 1534 528 1596 finis
566 1533 839 1626 proprius
867 1554 937 1593 ac
965 1531 1276 1613 proximus
1305 1554 1434 1592 esse
1461 1531 1659 1603 debet,
1689 1554 1767 1592 ne
1794 1544 1958 1594 satu-

210 1614 354 1678 ritas
401 1629 507 1677 aut
560 1614 787 1675 desidia
830 1613 1148 1673 extimulet
1195 1613 1271 1673 ad
1329 1613 1724 1695 peccandum,
1766 1624 1830 1673 et
1885 1622 1954 1674 ut

211 1717 384 1759 mens
411 1696 820 1766 admoneatur,
848 1706 911 1754 et
938 1695 1044 1754 fiat
1070 1693 1266 1775 aptior
1292 1692 1367 1754 ad
1396 1694 1638 1754 affectus
1677 1693 1955 1776 spiritua·

209 1778 316 1841 les.
400 1778 547 1840 Non
582 1788 674 1838 est
708 1774 1108 1849 sentiendum,
1133 1776 1263 1837 hoec
1288 1775 1572 1836 exercitia
1599 1775 1796 1857 cultus
1825 1797 1955 1837 esse

254 1860 317 1923 ui
363 1871 709 1923 mereantur
742 1858 1152 1919 remissionem
1196 1869 1600 1940 peccatorum,
1638 1869 1742 1918 aut
1784 1860 1955 1920 satis·

209 1881 498 2005 actiones
538 1964 687 2013 esse,
734 1942 843 2001 &a
928 1940 1014 1999 Et
1063 1940 1192 2000 hoec
1240 1939 1558 2034 disciplina
1603 1939 1784 2001 debet
1826 1963 1954 2003 esse

211 2036 519 2107 papetua,
534 2045 647 2084 nec
669 2034 919 2104 possunt
936 2022 1238 2114 praeseribi
1261 2034 1405 2083 certi
1428 2022 1556 2082 dies
1576 2022 1798 2104 pariter
1825 2045 1956 2084 om-

212 2106 410 2168 nibus.
492 2105 592 2167 De
641 2106 754 2165 hac
802 2103 1128 2185 disciplina.
1160 2104 1357 2185 inquit
1398 2104 1697 2178 Christus,
1734 2105 1970 2186 Cavete„

211 2208 292 2250 ne
331 2209 587 2270 corpora
627 2195 832 2248 vestra
860 2195 1206 2268 graventur
1242 2185 1516 2267 crapula.
1602 2186 1782 2260 Item,
1810 2187 1954 2249 Hoc

206 2290 407 2354 gemas
440 2270 863 2332 daemoniorum
890 2289 1012 2328 non
1040 2268 1284 2350 q‘icitur
1311 2266 1688 2351 nisijqjunio
1718 2276 1782 2329 et
1810 2289 1954 2331 ora-

211 2354 390 2414 tione.
473 2352 557 2414 Et
596 2351 813 2412 Paulus
855 2351 957 2424 ait,
991 2350 1242 2433 Cas-ligo
1276 2371 1494 2431 corpus
1520 2371 1736 2423 meum,
1766 2359 1828 2412 et
1850 2371 1950 2412 re·

211 2434 356 2518 &go
398 2435 465 2496 in
503 2435 872 2495 servitutem.
955 2433 1173 2513 Itaque
1206 2454 1329 2493 non
1364 2434 1492 2493 vitu
1642 2453 1776 2493 mus
1794 2432 1955 2514 jeju-

210 2517 331 2592 nia,
370 2516 472 2579 sed
523 2514 959 2600 superstitiosas
1015 2516 1344 2597 opiniones,
1386 2527 1448 2575 et
1526 2535 1749 2596 aqueos
1805 2537 1951 2575 con-

211 2599 590 2661 scientiarum
637 2599 697 2659 in
739 2597 1176 2659 traditionibus.
1263 2598 1445 2658 Porro
1486 2597 1616 2658 haec
1649 2597 1952 2672 exercitia,

211 2700 352 2742 cum
394 2680 471 2742 ad
510 2681 682 2742 illum
726 2682 912 2740 finem
955 2678 1306 2754 referuntur,
1335 2691 1403 2740 ut
1445 2679 1775 2740 habeamus
1819 2701 1951 2739 cor-

212 2781 359 2844 pora
403 2761 663 2823 obnoxia
707 2762 781 2823 ad
832 2783 923 2822 res
972 2762 1326 2844 spirituales,
1367 2773 1430 2822 et
1479 2761 1554 2822 ad
1603 2760 1947 2822 faciendum

212 2842 475 2904 officium
515 2842 694 2922 juxta
740 2844 1132 2919 vocationem,
1174 2846 1286 2905 &c.
1330 2854 1471 2904 sunt
1514 2844 1576 2903 in
1625 2843 1741 2925 piis
1790 2844 1950 2904 bona

211 2944 413 3007 opera,
441 2937 510 2987 ut
546 2936 794 2987 testatur
819 2924 1089 2987 Danielis
1130 2927 1498 3019 exemplum.
1583 2925 1740 2985 Sunt
1781 2925 1943 2985 enim

212 3025 394 3089 opera
429 3027 565 3087 quoe
606 3007 683 3068 ad
714 3008 876 3112 bunc
903 3008 1085 3069 finem
1116 3011 1362 3090 requirit
1389 3007 1583 3080 Deus,
1610 3017 1680 3068 ut
1706 3027 1945 3069 carnem

210 3100 539 3150 mut·

774 3184 1385 3227 ...ἡ-..-

639 3302 744 3367 De
776 3303 1075 3388 conjugio
1103 3305 1519 3378 Sacerdotum.

212 3393 425 3476 CUM
462 3409 733 3470 doctrina
761 3407 1103 3470 Christiana
1139 3406 1467 3468 honorifice
1494 3405 1778 3489 praedioet
1802 3428 1947 3469 con·

202 3492 466 3575 Qum,
492 3514 684 3573 eoque
727 3492 812 3552 uti
846 3490 1079 3571 jubeat,
1117 3511 1236 3551 non
1279 3489 1472 3550 solum
1518 3489 1941 3571 procreationis

213 3594 407 3651 msa,
433 3573 539 3636 sed
565 3574 748 3636 etiam
781 3573 854 3634 ad
883 3570 1214 3635 frenandas
1233 3569 1627 3653 vitandasque
1643 3570 1940 3645 libidines,

1021 3674 1057 3715 P
1088 3669 1123 3716 2
2005 3688 2012 3693 ·

1640 3771 1673 3785 V
