2418 4172
768 384 1240 440 SAonICA.
1766 385 1876 444 319

135 527 528 600 Woitlender,
542 537 759 610 pastor
786 538 846 589 et
872 526 1370 609 superintendens
1389 526 1453 587 iu
1473 523 1870 611 Eccersberg.

125 611 399 675 Jacobus
434 610 507 671 K
501 610 717 693 lapius,
745 610 1034 673 Ecclesia
1075 610 1413 670 Hainensis
1439 615 1656 689 pastor
1686 617 1745 669 et
1770 632 1874 671 su-

119 695 571 777 perattendens.
665 693 829 754 Geor
883 693 971 753 'us
1014 691 1244 764 Molem·
1293 700 1461 752 astor
1501 699 1562 751 et
1595 694 1874 771 superin-

129 778 380 840 tendens
415 774 679 860 Tot-gau.
845 776 1084 835 artinus
1117 713 1292 831 Wof
1306 795 1395 847 us,
1466 779 1637 833 astar
1680 782 1739 833 et
1777 797 1876 835 su-

0 869 6 875 '
118 859 555 942 per-intendens
581 854 971 917 Coldicensis.
1022 853 1388 915 Valentinus
1471 874 1650 930 rann,
1660 866 1877 936 pastor

129 943 198 1004 in
251 938 494 1003 Dobeln
555 938 792 999 subscri
872 937 887 951 ⁰
915 984 928 997 .
1023 936 1420 998 Sebastianus
1474 936 1877 1014 Froschelius,

128 1024 409 1087 utini-tter
444 1020 733 1083 Ecclesioe
748 1012 767 1027 '
862 1018 1082 1080 itteber
1127 1020 1301 1080 ensis.
1395 1019 1603 1080 Lucas
1643 1021 1875 1095 Hezer‚

127 1106 406 1168 minister
470 1113 530 1165 et
593 1103 975 1164 concionator
1101 1101 1329 1162 cclesioe
1398 1102 1877 1186 Wtebergensis

126 1189 322 1251 subsc.
357 1186 710 1248 Alexander
748 1184 997 1246 Alesius
1038 1183 1273 1259 Scotus,
1303 1185 1510 1246 doctor
1547 1186 1876 1271 theologiae,

131 1278 195 1333 et
234 1271 496 1333 decanus
536 1269 688 1330 colle
743 1269 781 1328 ‘i
822 1267 1143 1350 theologici
1173 1269 1236 1328 in
1265 1269 1579 1329 academia
1609 1269 1874 1351 Lipsica.

130 1352 491 1416 Rerum-dus
531 1352 648 1412 Zie
718 1373 875 1423 ems,
911 1350 1119 1410 doctor
1160 1350 1489 1434 theologiae.
1575 1352 1878 1414 Nicolaus

131 1436 363 1509 Herna,
391 1434 455 1496 S.
487 1434 624 1496 theo
678 1434 799 1516 gioe
836 1434 1058 1494 doctor.
1152 1432 1460 1516 Georgius
1486 1434 1717 1509 Zetler,
1745 1436 1879 1497 doc·

130 1526 233 1581 tor
258 1516 584 1600 theologiae.
667 1515 991 1577 «lohannes
1021 1515 1379 1590 Mencelius,
1412 1517 1618 1578 doctor
1655 1518 1879 1579 theolo-

123 1602 265 1684 gie.
346 1599 708 1661 Joachimus
760 1598 1149 1658 Camerarius
1199 1598 1705 1680 Pabepergensis,
1747 1609 1878 1661 stu-

131 1683 370 1745 diorum
414 1680 760 1743 liberalium
800 1678 1119 1762 professor
1160 1679 1244 1739 Li
1280 1681 1402 1753 sits,
1430 1680 1552 1741 οὕτω
1592 1689 1751 1761 φρονῶ
1791 1682 1878 1742 καὶ

126 1764 367 1827 πιστεύω.
449 1762 768 1823 Johannes
818 1761 1159 1833 Forsterus,
1260 1808 1274 1821 .
1314 1762 1627 1844 theologice
1671 1763 1879 1824 doctor

129 1855 194 1909 et
226 1866 344 1929 pro
376 1866 540 1917 essor
584 1843 1081 1925 Wtebergensis.
1176 1842 1482 1926 Georgius
1517 1844 1749 1919 Maior,
1778 1868 1878 1907 sa-

129 1951 245 1993 cras
285 1937 313 1991 t
354 1926 597 2011 eohgioe
633 1926 841 1987 doctor
876 1934 937 1986 et
956 1923 1275 2008 professor
1302 1927 1368 1986 in
1401 1927 1715 1988 academia
1749 1928 1881 1990 W.

130 2011 491 2095 tebet-gensi.
577 2007 906 2089 Philippus
955 2007 1414 2079 Melanchthon‚
1452 2008 1765 2092 professor
1812 2013 1879 2073 in

131 2094 445 2157 academia
506 2091 600 2150 W
592 2090 970 2172 itebergensi.
1057 2090 1301 2151 Paulus
1348 2091 1591 2152 Eberus
1640 2094 1879 2155 Kittin-

125 2178 352 2262 gensis,
370 2171 686 2259 professor
714 2174 945 2233 artium
971 2173 1035 2232 in
1066 2173 1377 2233 academia
1411 2174 1876 2258 Wtebergensi.

703 2352 1312 2393 .-—-—*————

215 2490 701 2555 SCRIPTUM
735 2491 1077 2573 legatorum
1126 2488 1530 2550 illustrissimi
1561 2492 1880 2574 principis,

131 2575 358 2637 domini
390 2574 700 2635 Jolzannis
739 2573 1107 2634 marchionis
1140 2572 1734 2655 Brandcburgensis,
1769 2578 1878 2636 διο.

140 2657 504 2720 Germanice
543 2665 781 2717 tantum
821 2664 1007 2716 extat.
1092 2654 1319 2715 Actum
1368 2654 1464 2713 W
1456 2656 1775 2740 ittenberg.
1815 2659 1879 2718 in

131 2740 355 2802 adibus
381 2740 605 2802 domini
632 2738 912 2820 Philippi
941 2740 1039 2799 die
1068 2736 1164 2798 26.
1192 2736 1395 2809 Junii,
1426 2759 1582 2800 anno
1617 2752 1794 2800 1551.

218 2820 703 2883 SCRIPTUM
736 2821 1076 2903 legatorum
1111 2821 1396 2903 generosi
1437 2822 1672 2881 comitis
1718 2823 1879 2882 Geb-

134 2903 311 2965 harbi
337 2924 378 2964 a
406 2902 731 2987 Man-felt,
760 2906 868 2964 &c.
909 2903 1272 2964 Germanice
1299 2904 1481 2962 etiam
1512 2912 1750 2964 tantum
1782 2926 1879 2964 ex-

134 2995 247 3050 tat.
335 2986 560 3048 Actum
607 2985 701 3044 W
695 2985 992 3068 itebergoe,
1051 2984 1334 3047 Calendis
1380 2986 1674 3067 Augusti,
1720 3008 1877 3047 anno

143 3081 320 3132 1551.

726 3163 1335 3206 ...ss-

137 3284 618 3351 SCRIPTUM
639 3284 981 3428 lelgatorum
1011 3285 1413 3347 illustrissimi
1435 3285 1750 3365 principis,
1779 3284 1879 3345 do-

218 3370 367 3432 mini
396 3368 653 3451 Georgii
724 3368 983 3428 rederici
1010 3368 1374 3428 marchionis
1400 3366 1795 3428 Brandebur-

820 3451 1047 3532 gensis,
1077 3451 1186 3510 &c.

217 3567 359 3651 Ego
407 3565 713 3648 Georgius
753 3564 819 3625 K
818 3586 953 3647 arg,
975 3571 1188 3644 pastor
1226 3562 1648 3635 Suabacensis,
1680 3572 1739 3624 et
1767 3563 1883 3625 Jo-

138 3650 366 3712 hames
405 3649 731 3721 Serranus,
759 3646 919 3707 alias
957 3647 1169 3728 Seger,
1189 3654 1405 3726 pastor
1445 3643 1882 3729 Roffeldensis,
