2418 4172
861 354 1274 410 BELGICA.
1828 354 1930 408 351

190 496 407 571 stituit,
433 495 538 577 qui
582 507 651 557 ut
693 507 755 558 et
796 496 925 579 ipsa
953 498 1095 570 vita,
1122 496 1406 558 omnibus
1433 504 1527 555 est
1557 495 1899 556 communis
1920 519 1939 556 ε

191 579 275 642 ita
315 579 391 642 ad
434 578 947 640 conservationem
991 580 1151 640 illius
1179 579 1317 640 vitae
1350 574 1693 660 spiritualis,
1722 587 1783 636 et
1810 599 1939 639 coe-

189 662 376 736 lestis,
404 684 538 744 quoe
567 660 836 723 fidelium
879 662 1120 744 propria
1143 673 1268 734 sest,
1292 660 1465 721 Deus
1494 679 1715 741 panem
1747 658 1941 719 vivifi-

190 766 332 807 cum
391 744 578 818 misit,
621 745 725 824 qui
775 766 809 804 e
866 742 1025 804 coelo
1073 742 1401 813 descendit,
1452 762 1674 822 nempe
1721 740 1938 802 Jesum

190 827 538 888 Christum:
568 826 618 886 is
648 825 855 895 nutrit,
885 835 946 885 et
974 835 1271 884 sustentat
1298 823 1482 883 vitam
1517 822 1783 883 fidelium
1817 824 1942 917 spi-

189 908 486 982 ritualem,
514 907 563 967 si
593 905 961 980 comedatur,
989 905 1050 966 id
1082 917 1191 976 est,
1221 907 1573 989 applicetur,
1601 918 1663 966 et
1690 906 1941 988 recipia-

189 1002 291 1053 tur
315 1012 344 1051 s
389 989 528 1051 iritu
557 1010 665 1071 per
693 988 895 1049 fidem.
986 988 1079 1049 Ut
1121 1000 1324 1049 autem
1369 1010 1590 1071 panem
1629 989 1793 1049 bunc
1821 989 1943 1071 spi-

188 1073 345 1135 ritua
368 1094 487 1148 om,
514 1083 576 1132 et
617 1072 927 1133 coelestem
957 1070 1235 1134 Christus
1278 1072 1452 1132 nobis
1498 1074 1799 1153 figuraret,
1836 1094 1943 1132 seu

188 1165 657 1240 repraesentaret,
690 1154 951 1214 instituit
993 1176 1232 1236 panem,
1274 1166 1336 1214 et
1364 1155 1572 1215 vinum
1617 1167 1943 1228 terrenum,

190 1250 255 1301 et
277 1238 598 1311 visibilem,
627 1237 686 1297 in
719 1237 982 1319 corporis
1020 1249 1083 1298 et
1121 1237 1428 1319 sanguinis
1471 1238 1560 1298 sui
1604 1259 1942 1298 sacramen-⁶

191 1331 345 1384 tum.
431 1321 515 1382 lis
556 1342 696 1381 vero
739 1320 1098 1380 testificatur
1139 1342 1270 1394 nos,
1313 1342 1499 1401 quam
1536 1342 1672 1380 vere
1722 1321 1944 1404 accipi-

192 1425 350 1479 mus,
376 1414 439 1465 et
464 1415 740 1464 tenemus
778 1402 1057 1463 manibus
1087 1403 1305 1463 nostris
1335 1403 1451 1464 hoc
1480 1415 1942 1478 sacramentum,

192 1485 463 1568 illudque
503 1507 606 1546 ore
648 1484 1022 1546 comedimus
1059 1485 1244 1562 (unde
1285 1498 1348 1547 et
1389 1485 1778 1569 postmodum
1819 1487 1943 1547 vita

192 1569 325 1630 haec
371 1579 573 1630 nostra
623 1572 1015 1647 sustentatur)
1067 1581 1191 1630 tam
1237 1590 1375 1629 vere
1425 1569 1604 1629 etiam
1658 1590 1768 1628 nos
1819 1568 1943 1629 fide

193 1653 358 1734 (quoe
386 1651 603 1712 animoe
633 1661 848 1710 nostroe
885 1661 978 1710 est
1014 1650 1203 1711 instar
1230 1662 1292 1711 et
1329 1673 1562 1725 manus,
1591 1662 1652 1711 et
1680 1652 1823 1729 oris)
1852 1673 1942 1710 re-

190 1733 391 1816 cipere
428 1753 636 1792 verum
689 1753 925 1813 corpus,
968 1742 1032 1791 et
1074 1754 1278 1792 verum
1326 1733 1680 1814 sanguinem
1711 1733 1941 1793 Christi

189 1814 354 1877 unici
399 1814 725 1875 Servatoris
763 1814 949 1874 nostri
995 1814 1058 1873 in
1101 1814 1320 1875 animis
1366 1815 1603 1889 nostrie„
1640 1814 1712 1875 ad
1753 1816 1940 1876 vitam

191 1898 564 1982 spiritualem
608 1897 671 1957 in
714 1897 888 1957 nobis
926 1897 1264 1958 fovendam.
1335 1897 1755 1959 Certissimum
1801 1920 1941 1959 vero

191 1993 302 2057 est,
322 1980 633 2041 Christum
664 2001 784 2039 non
817 1979 944 2039 sine
972 2002 1152 2040 causa
1179 1991 1305 2040 tam
1337 1981 1590 2042 sollicite
1619 1982 1738 2042 hoc
1761 2003 1938 2042 suum

193 2074 634 2125 sacramentum
680 2062 853 2121 nobis
897 2062 1339 2137 commendare,
1367 2074 1579 2146 utpote
1622 2065 1726 2145 qui
1764 2066 1943 2147 perfi-

193 2146 313 2207 ciat
342 2147 403 2206 in
433 2145 607 2206 nobis
635 2165 855 2216 revera,
874 2166 1248 2226 quoecunque
1277 2146 1404 2228 ipse
1432 2147 1606 2207 nobis
1636 2147 1730 2207 his
1761 2148 1940 2207 sacris

194 2229 380 2311 signis
436 2237 856 2311 repraesentat:
913 2228 1189 2308 quamvis
1257 2228 1471 2289 modus
1529 2230 1657 2312 ipse
1714 2230 1938 2311 ingenii

193 2311 377 2372 nostri
408 2322 653 2393 captum
685 2321 943 2392 superet,
974 2332 1084 2370 nec
1200 2311 1348 2393 rcipi
1388 2334 1423 2372 a
1459 2333 1765 2392 quoquam
1806 2335 1943 2395 pos·

194 2394 308 2464 sit3
351 2393 515 2475 quod
544 2392 818 2453 videlicet
860 2414 1071 2453 omnes
1156 2393 1368 2475 piritus
1403 2395 1607 2455 Sancti
1646 2396 1942 2478 operatio·

193 2498 301 2538 nes
325 2476 583 2538 occultae
621 2475 759 2546 sint,
790 2486 851 2536 et
889 2475 1548 2570 incomprehensibiles.
1635 2478 1937 2539 Caeterum

192 2580 572 2640 nequaquam
617 2557 1010 2619 erraverimus
1052 2558 1337 2630 dicente&
1367 2559 1427 2620 id
1471 2560 1631 2642 quod
1675 2560 1942 2621 comedi-

192 2654 293 2703 tur
332 2664 461 2703 esse
511 2640 879 2723 ipsissimum
911 2641 1138 2702 Christi
1183 2664 1398 2724 corpus
1443 2644 1732 2717 naturale,
1775 2655 1836 2704 et
1879 2643 1941 2703 id

193 2723 353 2806 quod
392 2724 636 2797 bibitur,
665 2745 869 2784 verum
913 2725 1101 2807 ipsius
1141 2725 1514 2807 sanguinem.
1599 2726 1683 2786 At
1721 2727 1941 2787 instru-

195 2817 492 2880 mentum,
518 2828 623 2866 seu
663 2806 932 2867 medium
963 2829 1086 2888 quo
1115 2807 1245 2869 haec
1274 2808 1669 2882 comedimuS,
1698 2821 1759 2868 et
1787 2809 1941 2869 bibi-

196 2910 352 2962 mus,
378 2910 499 2948 non
529 2900 620 2948 est
653 2910 720 2948 os
749 2911 822 2950 co
933 2912 1124 2964 reum,
1155 2890 1257 2951 sed
1289 2891 1530 2974 spiritus
1562 2891 1690 2973 ipse
1721 2903 1940 2966 noster,

194 2970 376 3053 idque
496 2992 524 3030 r
552 2970 758 3031 fidem.
901 2971 1124 3034 hristus
1169 2973 1372 3055 itaque
1415 2995 1652 3055 semper
1680 2973 1751 3033 ad
1794 2974 1941 3035 dex-

194 3065 382 3114 teram
499 3053 604 3113 tris
637 3053 698 3113 in
729 3053 899 3114 omlis
933 3054 1170 3128 residet,
1198 3079 1310 3117 nec
1342 3055 1475 3116 ideo
1506 3056 1705 3115 minus
1737 3079 1800 3116 se
1829 3080 1938 3117 no-

196 3136 288 3197 bis
316 3158 424 3219 per
451 3135 634 3196 fidem
664 3138 1088 3198 communicat.
1153 3139 1336 3199 Porro
1366 3139 1495 3199 haec
1525 3160 1699 3199 coena
1731 3161 1938 3200 mensa

194 3231 285 3279 est
318 3218 661 3301 spiritualis,
692 3219 755 3278 in
799 3240 920 3299 qua
949 3220 1226 3281 Christus
1271 3222 1533 3303 seipsum
1583 3221 1752 3281 nobis
1796 3244 1934 3284 cum

193 3302 476 3363 omnibus
509 3301 682 3361 bonis
720 3300 842 3360 suis
871 3302 1349 3395 participandum
1389 3304 1591 3363 offert:
1637 3303 1938 3386 efficitque

192 3396 263 3445 ut
306 3385 368 3444 in
414 3384 532 3457 illa,
560 3395 683 3444 tam
729 3383 835 3443 illo
873 3406 1025 3467 ipso,
1053 3406 1235 3465 quam
1268 3386 1578 3468 passionis,
1606 3388 1938 3469 mortisque

193 3467 380 3550 ipsius
412 3466 626 3526 merito
654 3466 943 3526 fruamur.
1014 3467 1302 3528 Animam
1334 3468 1497 3528 enim
1528 3480 1792 3531 nostram
1827 3472 1940 3532 mi·-

194 3570 407 3625 seram,
449 3561 510 3609 et
560 3549 859 3623 afflictam,
903 3550 1193 3632 omnique
1236 3550 1640 3612 consolatione
1690 3552 1940 3616 destitu-

194 3642 319 3693 tam
365 3633 556 3695 carnis
600 3654 720 3694 suae
769 3655 873 3694 esu
926 3633 1182 3716 ipsemet
1226 3633 1432 3708 nutrit,
1476 3636 1836 3710 corroborat,
1878 3650 1939 3699 et
2002 3689 2010 3693 a

1637 3772 1670 3785 l
