2418 4172
552 355 1110 411 AUGUSTANA
1164 354 1526 408 MDxxxl.
1817 361 1919 414 145

165 498 406 565 moduni·
434 505 494 558 et
522 497 636 559 illi.
726 497 850 560 Hic
893 507 1054 556 vetat
1085 495 1292 557 Petrus
1331 516 1574 556 onerare
1610 501 1915 561 conscien-

164 581 278 644 tiu
333 579 606 662 pluribus
668 579 878 641 ritibus
943 578 1067 638 sive
1135 577 1350 651 Mosis,
1407 578 1530 638 sive
1596 578 1742 638 aliis.
1830 583 1912 642 Et

171 673 195 724 i
230 660 393 739 Tim.
424 661 500 723 iv.
539 672 712 725 vocat
747 659 1213 744 prohibitionem
1256 660 1526 720 ciborum
1574 659 1911 723 doctrinam

162 743 605 819 demoniorum,
625 744 766 825 quia
796 755 1027 825 pugnat
1049 763 1190 803 cum
1213 742 1543 824 evangeliO,
1566 743 1708 803 talia
1729 765 1910 836 opera

161 825 474 889 instituere
515 836 620 889 aut
660 825 876 898 facere,
905 836 975 887 ut
1011 847 1123 918 per
1161 847 1232 885 ea
1271 846 1610 885 mereamur
1638 838 1912 907 gratiam,

158 920 267 1054 :gt
309 908 473 1053 φίοᾶ
521 930 642 970 non
693 908 883 991 possit
929 919 1183 968 existere
1228 906 1727 968 christianismus
1780 910 1909 970 sine

246 1012 263 1052 i
293 1012 367 1054 cu
396 1003 483 1053 tu.

243 1073 372 1136 Hie
406 1073 702 1154 objiciunt
743 1071 1079 1147 adversarii,
1107 1072 1270 1153 quod
1316 1073 1499 1132 nostri
1545 1073 1905 1155 prohibeant

157 1154 540 1241 disciplinam
592 1167 655 1216 et
699 1155 1224 1216 mortificationem
1285 1155 1496 1229 carnis,
1539 1155 1695 1216 sicut
1738 1155 1910 1215 Jovi-

158 1238 395 1302 nianus.
476 1239 703 1300 Verum
730 1237 893 1299 aliud
914 1237 1383 1322 deprehenditur
1409 1259 1484 1298 ex
1516 1238 1750 1320 scriptis
1774 1261 1910 1298 nos-

158 1331 410 1383 trorum.
493 1321 748 1404 Semper
790 1320 952 1380 enim
1000 1321 1334 1382 docuerunt
1384 1319 1460 1380 de
1509 1342 1704 1395 cruce,
1745 1321 1908 1401 quod

159 1402 535 1466 Christianos
577 1414 851 1486 oporteat
884 1404 1134 1464 tolerare
1173 1403 1533 1464 afflictiones.
1622 1402 1778 1463 Hoec
1816 1415 1908 1463 est

157 1506 319 1559 vera,
344 1486 496 1548 seria
531 1497 594 1547 et
632 1507 755 1546 non
785 1485 1063 1547 simulata
1094 1486 1495 1559 mortificatio,
1527 1486 1699 1546 variis
1729 1486 1911 1548 afflic-

158 1567 426 1630 tionibus
453 1567 736 1642 exerceri,
764 1578 826 1628 et
852 1568 1121 1661 crucifigi
1152 1589 1293 1628 cum
1324 1567 1585 1627 Christ0.

240 1649 502 1732 Insuper
526 1649 764 1723 docent,
792 1648 954 1728 quod
991 1649 1247 1728 quilibet
1276 1649 1656 1708 Christianus
1691 1647 1909 1708 debeat

157 1752 224 1793 se
260 1731 552 1814 corporali
592 1729 909 1812 disciplina
943 1741 1049 1790 aut
1080 1729 1489 1812 corporalibus
1519 1729 1817 1789 exercitiis
1846 1743 1909 1790 et

157 1812 461 1881 laboribus
504 1812 591 1874 sic
631 1833 907 1873 exercere
948 1823 1010 1873 et
1052 1834 1343 1887 coercere,
1371 1834 1448 1872 ne
1488 1811 1763 1872 saturitas
1802 1823 1907 1873 aut

155 1894 384 1959 desidia
431 1894 751 1958 extimulet
798 1894 875 1956 ad
924 1895 1320 1977 peccandum,
1364 1917 1484 1955 non
1535 1906 1605 1955 ut
1652 1916 1761 1977 per
1807 1895 1909 1955 illa

157 1977 441 2042 exercitia
481 1999 820 2040 mereamur
860 1978 1136 2059 gratiam,
1173 1989 1278 2039 aut
1320 1976 1754 2040 satisfaciamus
1796 1999 1908 2059 pro

156 2060 440 2144 peccatis.
521 2059 606 2122 Et
643 2059 802 2121 lianc
837 2061 1207 2142 corporalem
1246 2060 1628 2142 disciplinam
1669 2071 1908 2153 oportet

158 2163 399 2227 semper
438 2164 668 2224 urgere,
697 2164 818 2203 non
855 2142 1050 2203 solum
1086 2143 1295 2236 paucis
1324 2154 1385 2203 et
1413 2143 1754 2203 constitutis
1783 2142 1909 2202 die·

157 2225 293 2299 bus,
341 2226 500 2287 sicut
540 2225 818 2287 Christus
867 2225 1172 2308 praecipit:
1238 2226 1481 2299 Cavete,
1523 2246 1602 2285 ne
1657 2246 1908 2306 corpora

156 2315 364 2370 vestra
396 2317 742 2391 graventur
783 2307 1057 2388 crapula.
1144 2308 1337 2368 Item:
1382 2307 1524 2368 Hoc
1551 2329 1751 2391 genus
1792 2308 1909 2367 da:-

155 2390 494 2452 munierum
521 2413 644 2452 non
671 2390 916 2474 ejicitur
942 2389 1320 2473 nis-ijq'unio
1355 2399 1415 2451 et
1450 2391 1739 2451 oratione.
1824 2389 1910 2450 Et

155 2472 379 2535 Paulus
407 2472 526 2535 ait:
574 2472 831 2555 Castigo
859 2493 1074 2554 corpus
1102 2494 1317 2547 meum,
1346 2481 1407 2534 et
1433 2473 1650 2554 redigo
1684 2473 1750 2532 in
1781 2493 1910 2532 ser-

152 2555 426 2619 viantem.
512 2555 640 2618 Ubi
679 2556 839 2618 clare
878 2554 1161 2629 ostendit,
1187 2578 1252 2616 se
1288 2554 1426 2616 ideo
1459 2555 1751 2636 castigare
1779 2576 1910 2614 cor-

155 2659 292 2720 pus,
317 2660 441 2701 non
483 2649 556 2700 ut
602 2661 713 2722 per
759 2660 896 2700 eam
937 2637 1318 2720 disciplinam
1363 2649 1662 2699 mereatur
1699 2637 1909 2696 retnis-

157 2720 390 2782 sionem
416 2733 824 2804 peccatorum,
853 2720 955 2782 sed
985 2731 1056 2782 ut
1081 2742 1298 2804 corpus
1330 2721 1549 2782 habeat
1570 2719 1903 2779 obnoxium

157 2812 221 2864 et
260 2802 546 2865 idoneum
585 2804 661 2866 ad
697 2826 789 2865 res
829 2803 1166 2888 spirituales
1195 2816 1259 2865 et
1286 2803 1361 2864 ad
1395 2802 1739 2864 faciendum
1778 2800 1907 2860 offi-

157 2883 343 2960 cium,
372 2884 554 2965 juxta
595 2886 969 2948 vocationem
1022 2908 1212 2948 suam.
1298 2887 1514 2966 Itaque
1563 2906 1683 2943 non
1736 2883 1906 2943 dam-

159 2977 382 3029 nantur
415 2967 434 3028 i
510 2990 546 3029 a
562 2966 813 3048 jejunia,
841 2968 944 3030 sed
973 2968 1340 3041 traditiones,
1368 2990 1504 3048 quae
1533 2977 1725 3027 certos
1759 2964 1906 3039 dies,

158 3059 352 3111 certos
389 3070 447 3111 ci
595 3050 1008 3133 praescribunt,
1036 3074 1177 3113 cum
1205 3050 1477 3135 periculo
1505 3047 1905 3123 conscientiae,

160 3142 448 3213 tanquam
477 3132 816 3195 istiusmodi
844 3156 1027 3217 opera
1055 3134 1176 3195 sint
1203 3132 1568 3195 necessarius
1598 3131 1814 3192 cultus.

242 3214 568 3277 Servantur
607 3226 811 3277 tamen
854 3216 1014 3299 apud
1053 3239 1162 3277 nos
1201 3217 1501 3300 pleraeque
1535 3212 1903 3287 traditiones,

159 3318 300 3379 quae
338 3297 687 3359 conducunt
724 3298 797 3359 ad
835 3298 970 3372 lioc,
1000 3311 1069 3359 ut
1096 3322 1186 3360 res
1214 3299 1423 3360 ordine
1450 3308 1690 3379 geratur
1717 3295 1780 3355 in
1808 3317 1905 3357 ec-

160 3379 362 3456 clesia,
382 3392 452 3442 ut
472 3380 619 3442 ordo
642 3381 971 3442 lectionum
1003 3381 1064 3441 in
1097 3381 1276 3443 missa
1295 3394 1357 3442 et
1377 3380 1695 3463 praecipuae
1722 3378 1900 3439 ferioe.

160 3462 283 3525 Sed
311 3462 552 3525 interim
583 3463 860 3526 homines
890 3462 1308 3536 admonentur,
1338 3462 1501 3544 quod
1538 3460 1674 3522 talis
1706 3460 1902 3522 cultus

161 3567 287 3608 non
318 3546 614 3628 justificet
656 3568 855 3609 coram
900 3545 1059 3618 Dee,
1085 3559 1148 3608 et
1189 3545 1351 3628 quod
1396 3567 1518 3607 non
1561 3544 1639 3605 sit
1676 3565 1904 3627 ponen-

162 3627 307 3690 dum
352 3642 667 3712 peccatum
713 3630 774 3690 in
817 3629 1036 3690 talibus
1078 3630 1275 3704 rebus,
1303 3629 1351 3690 si
1387 3627 1746 3691 omittantur
1773 3626 1900 3688 sine

1019 3732 1052 3771 L

1692 3775 1725 3787 l
