2418 4172
421 318 527 376 19⁰
1013 308 1496 369 CONFESSIO

420 459 584 522 tinus
626 479 700 519 ae
732 455 1127 530 Theodosius,
1155 456 1337 517 etiam
1377 456 1438 516 in
1482 454 1657 516 rebus
1694 474 1814 516 non
1855 451 2027 515 valde
2053 453 2162 513 oba

422 541 638 616 scuris,
660 552 724 602 et
762 539 1146 622 dogmatibus
1188 537 1479 613 absurdis,
1510 548 1716 598 tamen
1759 537 1889 598 sine
1929 533 2163 618 synodo

424 624 575 687 nihil
620 623 980 686 constituere
1029 623 1364 694 voluerunt,
1407 632 1476 681 ut
1514 620 1782 681 ecclesiae
1825 619 2161 680 libertatem

422 705 485 768 in
516 704 759 788 judiciis
806 705 1158 788 dogmatum
1217 715 1653 766 conservarent.
1738 702 1822 764 Et
1871 700 2167 762 honestis-

422 788 648 851 simum
691 800 782 849 est
824 788 1042 849 Coesari
1107 788 1343 848 illorum
1396 786 1765 869 optimorum
1820 784 2164 878 principum

423 871 771 954 exemplum
818 870 1056 944 imitari,
1086 870 1411 954 praesertim
1456 890 1594 930 cum
1637 891 1747 929 nos
1786 868 1937 929 nihil
1974 877 2169 927 muta-

422 954 705 1028 verimus,
734 954 862 1014 sine
905 953 1187 1034 exemplo
1227 953 1441 1013 veteris
1484 952 1767 1012 ecclesioe.
1853 950 1935 1011 Et
1969 969 2170 1030 spera-

425 1058 563 1098 mus
607 1036 767 1097 hanc
807 1045 1036 1096 tantam
1081 1033 1457 1095 foelicitatem
1501 1033 1842 1116 imperatori
1881 1030 2173 1093 divinitus

426 1118 631 1180 datam
672 1139 821 1189 esse,
854 1115 927 1176 ad
966 1116 1232 1176 ecclesiae
1266 1114 1754 1176 emendationem
1791 1136 1861 1175 ac
1893 1114 2169 1175 salutem.

426 1201 606 1262 Certe
637 1200 791 1260 hanc
820 1197 1071 1280 gratiam
1095 1198 1268 1258 Deus
1298 1198 1375 1257 ab
1402 1197 1536 1279 ipso
1564 1198 1842 1278 reposcit,
1864 1208 1934 1257 ut
1961 1208 2174 1279 poten-

428 1284 574 1344 tiam
619 1303 790 1342 suam
836 1280 1102 1341 conferat
1146 1279 1219 1340 ad
1263 1278 1590 1339 ornandam
1633 1278 1859 1338 Christi
1903 1277 2177 1358 gloriam,—

427 1364 501 1426 ad
549 1364 813 1425 eeclesiae
859 1383 1093 1445 pacem,
1137 1361 1211 1422 ad
1257 1360 1693 1444 prohibendam
1745 1361 2078 1420 immanem
2115 1369 2178 1419 et

428 1446 878 1527 injustissimam
912 1444 1349 1518 crudelitatem,
1378 1465 1514 1524 quae
1544 1444 1692 1504 mira
1723 1442 1982 1524 quadam
2013 1441 2179 1502 rabie

426 1531 649 1614 passim
702 1539 1013 1589 exercetur
1056 1528 1116 1588 in
1176 1528 1451 1587 membra
1499 1526 1746 1600 Christi,
1790 1526 1850 1586 in
1901 1524 2181 1585 homines

428 1613 560 1696 pios
590 1624 653 1672 et
679 1611 1047 1671 innocentes.
1135 1610 1372 1671 Harum
1409 1609 1808 1670 maximarum
1839 1623 2040 1668 rerum
2075 1627 2181 1668 cud

431 1717 562 1756 ram
593 1692 901 1755 mandavit
929 1693 1099 1753 Deus
1134 1692 1388 1753 summis
1424 1690 1812 1773 principibus.
1896 1689 2044 1750 Ideo
2071 1709 2172 1749 ex·

431 1778 578 1839 citat
647 1775 1024 1849 monarchas,
1080 1786 1151 1836 ut
1218 1774 1438 1854 injusta
1490 1774 1743 1856 imperia
1799 1772 2180 1855 prohibeant,

431 1857 946 1942 quemadmodum
978 1857 1261 1918 excitavit
1288 1855 1542 1938 Cyrum,
1572 1868 1639 1918 ut
1669 1857 1945 1916 liberaret
1973 1876 2012 1915 a
2040 1874 2183 1937 cap·-

431 1942 666 2004 tivitate
694 1940 987 2024 populum
1011 1940 1052 2000 J
1059 1939 1386 2010 udaeorum,
1408 1938 1898 2012 Constantinum,
1919 1948 1988 1998 ut
2014 1936 2185 1997 illam

434 2025 733 2086 infinitam
766 2021 1074 2096 saevitiam‚
1103 2042 1239 2102 quae
1267 2032 1415 2081 tunc
1444 2020 1506 2080 in
1537 2020 1917 2080 Christianos
1942 2039 2187 2080 exerce-

434 2109 630 2181 batur,
658 2104 998 2187 depelleret.
1085 2104 1181 2164 Ita
1222 2114 1505 2186 optamus
1542 2114 1612 2164 ut
1640 2102 1843 2164 Coesar
1878 2113 1940 2163 et
1975 2121 2190 2163 euram

434 2187 827 2252 emendandae
869 2186 1135 2248 ecclesioe
1178 2186 1484 2269 suscipiat,
1511 2196 1576 2247 et
1612 2186 1896 2266 injustam
1932 2182 2194 2246 erudeli-

435 2284 622 2334 tatem
655 2270 989 2354 probibeat.

519 2355 684 2416 Nam
717 2352 949 2415 articuli
980 2352 1187 2426 nostri,
1215 2372 1367 2431 quos
1394 2351 1822 2423 recensuimus,
1849 2351 1992 2411 satis
2030 2350 2189 2412 clare

437 2448 754 2509 testantur,
784 2457 892 2496 nos
922 2434 1156 2495 nullum
1185 2433 1410 2516 dogma
1443 2445 1650 2494 eontra
1693 2432 2051 2494 catholicam
2090 2453 2196 2494 ec«

439 2520 704 2593 clesiam,
732 2518 967 2578 nullam
1007 2516 1257 2599 impiam
1304 2527 1408 2576 aut
1450 2515 1792 2576 seditiosam
1838 2514 2185 2597 opinionem

437 2602 652 2665 docere
681 2611 786 2661 aut
815 2600 1081 2682 probare.
1171 2596 1307 2659 lmo
1336 2598 1627 2678 quosdam
1666 2597 1931 2680 insignes
1966 2598 2188 2659 articu-

439 2685 529 2746 los
559 2682 919 2745 Christianae
947 2681 1231 2743 doctrinae
1261 2703 1295 2741 a
1324 2681 1542 2741 nostris
1571 2681 1669 2763 pie
1692 2692 1752 2741 et
1777 2680 2002 2741 utiliter
2021 2680 2190 2741 illus-

442 2779 628 2829 tratos
656 2787 803 2827 esse.
876 2765 948 2825 In
972 2762 1232 2825 externis
1256 2763 1674 2824 traditionibus
1697 2764 1918 2824 abusus
1938 2762 2199 2844 quidam

444 2848 660 2912 mutati
692 2858 852 2922 sunt,
883 2867 1137 2928 quarum
1167 2845 1347 2907 etiam
1382 2846 1428 2906 si
1461 2868 1581 2927 qua
1620 2858 1711 2906 est
1744 2845 2192 2920 dissimilitudo,

445 2933 495 2994 si
526 2944 732 2994 tamen
762 2930 1032 2991 doctrina
1059 2940 1120 2990 et
1150 2929 1297 2990 fides
1328 2950 1474 3012 pura
1505 2930 1601 3003 sit,
1632 2950 1815 2989 nemo
1886 2939 2086 3012 mpter
2123 2927 2194 2989 il-

444 3017 572 3076 lam
609 3013 1001 3076 traditionum
1046 3012 1445 3073 humanarum
1490 3011 1832 3073 dissimilitu
1879 3011 2042 3073 inem
2087 3010 2195 3071 ba·

446 3097 677 3160 beiidus
719 3107 813 3158 est
855 3095 1187 3169 haereticus,
1216 3107 1318 3156 aut
1355 3094 1621 3156 desertor
1656 3094 1968 3156 catholicoe
2002 3093 2196 3156 ecele-

445 3180 571 3243 sioe«
651 3178 815 3241 Nam
877 3178 1078 3240 unitas
1131 3178 1444 3239 catholicae
1491 3178 1757 3239 ecclesioe
1811 3176 2087 3239 consistit
2125 3174 2195 3236 in

446 3261 735 3324 doctrine
763 3272 826 3323 et
853 3259 992 3322 fidei
1022 3282 1335 3336 consensu,
1363 3282 1484 3321 non
1521 3261 1581 3321 in
1620 3260 2041 3321 traditionibus
2078 3255 2191 3317 hu-

449 3345 662 3420 manis,
884 3364 944 3405 m
974 3365 1100 3405 sem
1240 3344 1303 3405 in
1332 3343 1596 3406 ecclesiis
1623 3362 1731 3426 per
1756 3353 1959 3404 totum
1979 3338 2189 3400 orbem

451 3447 669 3509 magna
739 3426 828 3489 uit
867 3426 1098 3488 dissimi
1126 3426 1314 3488 itudo.
1398 3425 1535 3488 Nec
1576 3445 1726 3487 vero
1757 3423 1937 3485 fldem
1975 3419 2193 3482 habeat

451 3509 721 3569 emm
763 3508 1060 3589 majestas-
1090 3508 1203 3585 his,
1244 3509 1382 3590 qai,-
1412 3521 1482 3570 ut
1522 3507 1662 3569 odia
1701 3514 1908 3568 eontra
1948 3521 2059 3563 nos
2102 3503 2192 3564 in-

454 3588 785 3666 flamment,
844 3592 1027 3652 miras
1079 3591 1422 3657 calumnias·
1474 3598 1803 3673 spargunt}
1867 3583 2196 3670 pradicant

2400 2318 2418 2448 ’νηὶ-κ
