2418 4172
610 722 1500 809 CATECHESIS

320 923 988 989 RELIGIONIS
1049 918 1789 988 cnms'rIANAE.

726 1113 1377 1159 .-—-*-——-

268 1283 321 1333 l.
357 1269 508 1339 Qua
553 1279 642 1333 est
687 1273 868 1334 unica
913 1280 1023 1333 tua
1070 1270 1397 1334 consolatio
1446 1272 1511 1333 in
1561 1272 1692 1334 vita
1751 1279 1813 1333 et
1860 1272 1926 1333 in

177 1362 371 1418 morte
389 1354 430 1415 9

260 1435 443 1508 Quod
480 1437 686 1499 animo
719 1436 938 1518 pariter
964 1447 1028 1501 et
1069 1458 1315 1519 corpore
1332 1446 1374 1510 ⁸,
1402 1437 1527 1498 sive
1557 1436 1772 1511 vivam,
1801 1436 1924 1498 sive

177 1519 399 1582 moriar
417 1519 465 1594 ¹³,
503 1541 627 1581 non
669 1540 859 1592 meus,
886 1517 990 1580 sed
1021 1518 1294 1580 fidissimi
1324 1518 1578 1580 Domini
1619 1532 1681 1581 et
1714 1519 1925 1580 Serva-

176 1602 323 1666 tori·
366 1601 487 1663 mei
512 1602 664 1665 Jesu
695 1599 922 1662 christi
967 1622 1104 1662 sum
1147 1602 1424 1683 proprius
1441 1611 1485 1675 ⁰,
1511 1601 1616 1682 qui
1660 1601 1925 1683 pretioso

176 1682 467 1766 sauguine
508 1682 662 1744 suo‘¹
690 1704 801 1767 pro
843 1682 1127 1743 omnibus
1163 1684 1425 1764 peccatis
1458 1683 1609 1744 meis
1647 1682 1926 1765 plenissi-

175 1786 278 1826 ma
304 1762 602 1826 solutione
627 1764 789 1825 facta
802 1774 846 1838 ⁶,
873 1786 972 1824 me
1013 1764 1091 1825 ab
1131 1764 1301 1825 omni
1341 1775 1640 1847 potestate
1673 1764 1920 1827 Diaboli

173 1846 448 1915 liberavit
467 1845 502 1922 f,
546 1868 767 1927 meque
809 1846 894 1908 ita
933 1857 1248 1907 conservat
1265 1857 1311 1921 S,
1350 1857 1419 1908 ut
1458 1846 1587 1909 sine
1614 1846 1924 1908 voluntate

174 1928 367 1991 Patris
396 1929 516 1990 mei
545 1929 827 2002 eoelestis,
857 1951 934 1990 ne
962 1929 1120 2010 pilus
1150 1928 1393 2009 quidem
1434 1928 1510 1991 de
1550 1952 1687 1991 meo
1724 1929 1923 2012 eapite

173 2011 364 2094 possit
403 2010 691 2073 mdereh:
735 2010 860 2071 imo
894 2031 1035 2072 vero
1076 2010 1258 2072 etiam
1304 2011 1508 2073 omnia
1549 2011 1726 2074 saluti
1773 2034 1923 2074 meoe

175 2093 391 2154 servire
418 2103 691 2175 oporteat
708 2091 741 2151 ἱ.
814 2093 1111 2161 Quocirca
1144 2114 1243 2153 me
1271 2114 1515 2174 quoque
1553 2116 1664 2155 suo
1690 2094 1920 2176 Spiritu

173 2174 251 2237 de
288 2176 411 2237 vita
449 2186 672 2236 oeterna
714 2186 943 2236 eertum
996 2175 1141 2236 facit
1156 2173 1207 2247 ¹,
1245 2186 1433 2256 utque
1479 2177 1592 2259 ipsi
1635 2176 1920 2259 deinceps

174 2258 372 2320 vivam
403 2268 711 2340 promtum
743 2278 815 2317 ac
842 2267 1115 2354 paratum
1147 2256 1344 2319 reddit
1362 2257 1395 2318 ¹.

258 2353 316 2404 2.
364 2340 532 2406 Quot
566 2347 712 2400 sunt
748 2339 860 2401 tun
894 2339 1057 2401 scitu
1093 2340 1456 2415 necessaria,
1483 2348 1554 2404 ut
1579 2340 1694 2404 illa
1720 2363 1921 2404 conso-

173 2421 644 2506 Iatiouefiueus
672 2422 846 2483 beate
869 2423 1039 2484 vivas
1066 2431 1127 2484 et
1154 2423 1495 2484 movim-is?

250 2505 468 2568 Trium.
554 2504 844 2579 Primum,
870 2516 1099 2586 quanta
1136 2505 1214 2567 sit
1241 2505 1471 2587 peceati
1502 2505 1622 2567 mei
1652 2518 1715 2569 et
1742 2504 1920 2568 mise-

172 2588 274 2649 riae
303 2610 453 2649 meoe
483 2586 842 2669 magnitudo
859 2599 904 2648 ¹¹.
974 2587 1275 2660 Alterum,
1304 2609 1428 2668 quo
1465 2599 1645 2671 pacto
1678 2588 1755 2649 ab
1780 2609 1917 2649 om-

173 2670 237 2732 ui
266 2681 514 2753 peoeato
538 2681 604 2731 et
631 2668 867 2731 miseria
895 2669 1112 2731 liberer
1128 2682 1174 2732 ⁰.
1245 2670 1541 2745 Tertium,
1568 2693 1752 2751 quam
1782 2693 1916 2752 gra-

173 2751 319 2812 tiam
349 2751 488 2812 Deo
516 2774 624 2835 pro
651 2773 722 2812 ea
749 2751 1098 2813 liberatione
1126 2752 1379 2814 debeam
1400 2765 1445 2813 P.

240 2927 260 2947 ⁸
301 2933 316 2966 1
347 2919 459 2965 Cor.
482 2916 541 2965 vi.
566 2932 640 2980 19,
667 2932 744 2966 20.
790 2934 807 2966 1
827 2917 996 2967 stem.
1022 2935 1065 2967 v.
1089 2933 1138 2983 9,
1166 2934 1241 2967 10.
1380 2918 1403 2950 ¹²
1437 2918 1582 2967 Rom.
1602 2918 1691 2966 xiv.
1719 2931 1765 2980 7,
1790 2919 1837 2975 8,
1862 2934 1913 2984 9.

172 2993 190 3015 ‘
225 3000 240 3032 1
268 2986 380 3033 Cor.
402 2982 470 3032 iii.
500 2998 577 3040 22,
606 2998 683 3046 23.
784 2983 807 3015 ‘¹
838 3000 855 3033 1
886 2985 989 3033 Pet.
1013 2984 1045 3035 i.
1076 2986 1151 3043 18,
1184 3001 1256 3048 19.
1360 2992 1380 3015 ⁶
1410 3001 1426 3033 1
1457 2984 1570 3033 Joh.
1596 2983 1626 3032 i.
1654 2999 1701 3047 7.
1726 2983 1775 3034 ii.
1798 3000 1838 3042 1,
1867 3001 1910 3035 2.

175 3055 188 3084 ¹
220 3067 236 3099 1
266 3051 378 3099 soh.
404 3049 467 3098 iii.
494 3050 541 3099 8.
612 3050 741 3100 neb.
763 3050 823 3109 ik
845 3067 920 3112 ¹4,
954 3065 1027 3115 15.
1163 3058 1187 3090 ⁸
1216 3052 1329 3100 Joh.
1353 3051 1416 3100 vi.
1442 3053 1525 3113 38,
1552 3067 1634 3115 39,
1657 3067 1739 3112 40.
1774 3067 1819 3099 x.
1848 3065 1909 3116 27

171 3132 323 3180 -3o.
424 3116 446 3147 '¹
480 3116 624 3164 Μαι.
648 3133 693 3164 x.
721 3133 798 3181 29,
818 3133 899 3180 30,
920 3133 1001 3180 3¹·
1060 3118 1179 3168 Luc.
1202 3118 1294 3166 xxi.
1320 3120 1395 3175 18,
1424 3135 1497 3183 ¹9·
1601 3117 1612 3147 ¹
1647 3119 1793 3167 Rom.
1817 3117 1911 3168 viii.

181 3188 254 3235 18.
394 3182 415 3213 ¹¹
456 3199 480 3231 2
505 3185 615 3232 Cor.
641 3182 672 3232 i.
700 3199 778 3241 21,
807 3200 886 3233 22.
910 3200 953 3231 v.
978 3199 1025 3248 5.
1082 3186 1207 3249 pr.
1233 3185 1264 3233 i.
1290 3200 1367 3248 13,
1394 3201 1467 3246 14.
1606 3183 1619 3214 ¹
1651 3185 1796 3234 Rom.
1814 3185 1908 3234 viii.

183 3268 254 3315 15,
291 3253 362 3307 16,
387 3262 436 3299 et
468 3266 540 3311 ¹4·
676 3260 710 3282 ¹¹¹
745 3250 865 3300 Luc.
897 3250 1015 3299 xxiv.
1039 3252 1125 3328 45,-
1147 3267 1229 3314 47.
1296 3268 1313 3299 1
1346 3254 1456 3300 Cor.
1484 3254 1544 3299 vi.
1579 3267 1653 3300 11.
1720 3251 1819 3328 Tit.
1841 3252 1905 3302 iii.

172 3333 356 3451 ἒῖζῑ..
380 3401 421 3432 v.
447 3384 492 3439 a,
512 3316 841 3446 9',⁰1¹3.¹¹i›,⁴2¹13
867 3318 1386 3449 1.¹1³.‘,',¹¹'3‘,¹.¹¹3¹¹.23.‘T2¹,⁹;
1397 3399 1443 3446 ³.
1511 3401 1526 3432 1
1563 3318 1906 3451 pssihisffss‘ssi

172 3452 315 3501 Rom.
344 3450 402 3499 vi.
436 3466 642 3511 ¹¹—¹4·
712 3451 856 3499 Mau.
882 3467 923 3499 v.
947 3452 1019 3499 16.
1093 3466 1117 3499 2
1142 3450 1270 3500 Tim.
1297 3450 1344 3499 ii.
1371 3464 1443 3515 15,
1473 3452 1546 3500 16.
