2418 4172
793 415 1268 471 SAonICA.
1790 420 1899 474 813

153 559 273 622 Dei
302 571 547 643 propter
573 557 911 620 Ecclesiam
939 556 1295 619 conservari.
1363 555 1536 617 Sicut
1565 555 1746 616 Rom.
1768 559 1895 620 xiii.

150 641 391 716 dicitur,
420 655 481 703 et
514 643 576 703 in
606 640 761 703 Psal.
780 640 929 702 Nisa·
950 640 1259 701 Dominus
1297 638 1648 701 custodierit
1684 640 1898 701 civita-

152 724 584 809 temfrmsra
629 721 853 806 vigilat
899 723 1007 804 qui
1054 720 1315 782 custodit
1362 742 1516 793 eam,
1545 722 1655 782 ἃς.
1740 723 1899 783 Sunt

150 806 336 888 igitur
364 828 456 868 res
496 828 606 868 suo
643 826 858 887 genere
888 805 1082 876 bonae,
1110 823 1313 884 gerere
1341 805 1743 883 magistratus,
1772 827 1899 866 esse

140 887 435 969 jndicem,
453 910 588 949 esse
617 885 957 947 ministrum
980 883 1371 964 judiciorum,
1394 883 1662 979 legitime
1690 887 1776 947 uti
1797 887 1900 966 ju-

143 970 343 1045 fleiis,
366 990 573 1064 gerere
602 968 758 1029 bella
789 967 1082 1049 legitima,
1101 978 1164 1027 et
1190 988 1321 1028 esse
1352 968 1604 1029 militem
1637 970 1696 1028 in
1731 970 1898 1030 bellis

146 1050 454 1136 legitimis,
474 1054 586 1113 &c.
670 1050 755 1111 Et
791 1060 991 1133 potest
1021 1049 1115 1110 his
1145 1050 1323 1109 rebus
1353 1050 1440 1111 uti
1474 1051 1659 1112 homo
1686 1051 1897 1113 Chris-

146 1134 365 1207 tianus,
402 1134 559 1195 sicut
596 1134 791 1195 utitur
830 1145 1002 1216 potu,
1039 1133 1196 1205 cibo,
1233 1132 1532 1209 remediis,
1570 1134 1896 1218 emptione,

146 1217 511 1280 venditione.
595 1216 731 1277 Nec
780 1227 989 1298 peccat
1033 1236 1244 1308 gerens
1297 1215 1678 1297 magistratus
1716 1217 1895 1297 juxta

140 1300 545 1373 voe-tionem,
565 1320 849 1360 exercens
868 1296 1120 1378 judicia,
1146 1296 1430 1371 militans,
1453 1299 1724 1381 legitimo
1754 1322 1896 1384 sup-

145 1381 331 1465 plicio
372 1382 658 1443 adficiens
701 1380 1151 1452 condemnatos,
1181 1381 1292 1440 ἇο.
1378 1380 1461 1442 Et
1520 1383 1893 1465 magistratui

144 1464 395 1558 politico
450 1464 674 1525 subditi
731 1462 955 1524 debent
1001 1462 1429 1538 obedientiam,
1477 1465 1633 1525 sicut
1674 1465 1894 1527 Paulus

146 1545 382 1629 nquit:
409 1545 555 1609 Non
575 1546 772 1608 solum
791 1554 1045 1627 propter
1061 1545 1241 1620 bam,
1270 1545 1332 1606 id
1361 1559 1469 1621 est,
1498 1559 1665 1608 metu
1694 1570 1895 1630 poenoe

139 1650 219 1691 co
416 1631 486 1704 is,
513 1649 634 1711 qua
660 1627 1026 1689 adficiuntur
1051 1638 1439 1689 contumaces
1469 1630 1546 1689 ab
1581 1629 1726 1711 ipsis
1766 1651 1895 1690 ma-

143 1710 527 1794 gisuutibns:
566 1709 680 1771 sed
702 1711 888 1771 eliam
921 1717 1181 1789 propter
1209 1711 1652 1784 conscientiam,
1681 1710 1740 1771 id
1780 1723 1893 1784 est,

140 1792 523 1854 conmmacia
563 1802 656 1853 est
691 1801 1008 1873 peccatum
1050 1790 1358 1851 offendens
1387 1791 1613 1864 Deum,
1642 1803 1706 1853 et
1733 1793 1893 1853 avel-

4 1867 14 1875 ’
141 1874 272 1937 lens
299 1874 726 1937 conscientiam
757 1896 796 1934 a
822 1873 980 1934 Deo.

226 1955 411 2020 Hanc
454 1957 818 2019 sententiam
860 1955 1127 2017 divinam
1172 1956 1439 2017 ecclesiis
1477 1957 1893 2040 proponimus,

141 2061 279 2122 qnae
306 2040 507 2102 innuit
533 2050 895 2122 potestatem
927 2038 1286 2121 legitimam,
1306 2051 1369 2099 et
1395 2050 1595 2100 totum
1615 2041 1890 2103 ordinem

138 2122 493 2206 politicum:
543 2135 605 2182 et
649 2120 1025 2183 ostendimus
1075 2120 1401 2182 discrimen
1446 2122 1781 2204 Evangelii,
1831 2136 1893 2186 et

138 2205 403 2288 politio-2
443 2203 912 2287 gubernationis.
996 2203 1148 2265 Vult
1174 2203 1348 2265 Deus
1376 2204 1503 2286 regi
1541 2217 1606 2265 et
1632 2207 1890 2268 coerceri

138 2288 390 2371 politica
436 2286 869 2370 gubernatione
922 2307 1133 2347 omnes
1187 2286 1486 2361 homines,
1532 2287 1716 2348 etiam
1767 2311 1888 2350 non

136 2381 415 2432 renatos:
458 2391 529 2431 ac
573 2370 778 2430 lucent
815 2369 878 2429 in
919 2367 1035 2429 hac
1064 2369 1499 2448 gubernatione
1527 2390 1771 2451 quoque
1797 2393 1892 2432 sa-

136 2452 365 2535 pientia
392 2463 455 2513 et
471 2452 710 2533 justitia
738 2450 878 2526 Dei,
902 2462 968 2511 et
996 2450 1255 2525 bonitas,
1280 2473 1423 2533 erga
1453 2473 1642 2534 genus
1674 2454 1891 2515 huma-

137 2555 308 2596 num.
389 2535 765 2617 Sapientiam
790 2533 1061 2595 ostendit
1088 2533 1256 2605 ordo,
1284 2535 1389 2627 qui
1436 2546 1528 2594 est
1566 2535 1888 2597 discrimen

134 2617 425 2680 virtutum
463 2630 527 2679 et
566 2618 869 2690 vitiorum,
896 2630 961 2677 et
1001 2617 1369 2678 consociano
1413 2616 1731 2678 hominum
1780 2641 1888 2700 per

137 2699 408 2783 legitima
457 2701 540 2762 im
623 2701 728 2775 ria,
771 2712 834 2761 et
881 2710 1221 2760 contractus
1273 2699 1544 2760 miranda
1594 2701 1886 2782 sapientia

128 2782 457 2844 ordinatos.
644 2782 781 2843 ‘nde
806 2782 1044 2864 justitia
1070 2782 1193 2843 Dei
1235 2782 1603 2864 conspicitur
1636 2784 1698 2843 in
1734 2785 1886 2864 poli-

132 2863 257 2925 tica
284 2865 751 2947 gubematione3
780 2866 923 2945 quia
938 2865 1068 2925 vult
1095 2864 1294 2958 puniri
1328 2865 1642 2924 manifesta
1665 2866 1886 2927 scelera

137 2968 171 3005 a
201 2947 679 3027 magistratibus:
721 2959 786 3007 et
825 2968 966 3007 cum
1007 2946 1141 3029 ipsi,
1168 2947 1275 3027 qui
1315 2959 1596 3031 praesunt,
1624 2969 1748 3007 non
1785 2970 1884 3009 su-

142 3039 319 3089 munt
356 3029 656 3112 supplicia
695 3028 774 3090 de
814 3030 1107 3101 sontibus,
1144 3029 1317 3090 Deus
1359 3029 1488 3113 ipse
1533 3030 1884 3092 mirabiliter

135 3111 294 3194 πυρὴ
320 3132 425 3171 eos
444 3110 521 3171 ad
549 3132 782 3194 poenas,
807 3095 870 3172 et
899 3112 1245 3194 regulariter
1270 3113 1492 3172 atrocia
1518 3112 1738 3173 delicta
1766 3135 1881 3195 pu-

131 3194 227 3256 nit
251 3194 552 3255 atrocibus
578 3194 777 3291 poenis
804 3194 867 3254 in
896 3194 1013 3254 bac
1036 3195 1182 3269 vita,
1210 3206 1280 3255 ut
1304 3194 1553 3255 dicitur:
1592 3196 1719 3260 Qui
1739 3195 1881 3278 gla-

135 3277 302 3338 dium
322 3285 639 3358 aocepenc,
662 3275 877 3359 gladio
899 3277 1161 3357 peribit.-
1205 3277 1376 3349 item,
1404 3276 1787 3340 Scor-tutores
1813 3288 1878 3342 d

135 3358 705 3443 adulterosjudicat
725 3359 922 3434 Deus,
937 3361 1050 3421 διο.
1113 3358 1264 3419 Vult
1293 3358 1355 3418 in
1387 3360 1479 3419 his
1509 3360 1707 3441 poenis
1733 3382 1879 3425 oon-

133 3464 167 3503 s
208 3443 283 3505 ‘ci
327 3442 647 3504 discrimen
673 3441 967 3503 virtutum
1004 3451 1068 3501 et
1104 3440 1409 3515 vitiorum,
1441 3454 1504 3502 et
1539 3443 1666 3503 vult
1704 3442 1877 3517 disci,

281 3547 341 3587 m
374 3526 727 3608 sapientem,
744 3523 1003 3604 justum,
1028 3544 1321 3597 veracem,
1347 3535 1412 3584 et
1451 3536 1683 3587 castum
1730 3549 1877 3590 esse.

129 3606 524 3693 Conspicitur
549 3620 613 3670 et
638 3607 873 3669 bonitas
911 3605 1032 3668 Dei
1076 3627 1216 3689 erga
1257 3627 1449 3690 genus
1494 3607 1875 3682 bumannum

131 3691 280 3771 quia
330 3692 451 3754 hoc
507 3690 688 3754 modo
747 3690 1096 3753 societatem
1164 3689 1481 3751 bominum
1547 3707 1876 3785 conservat.
