2418 4172
742 370 1286 424 HELVETICA.
1813 376 1881 430 17

144 514 382 579 maier
407 514 545 597 quis
577 514 919 595 proximum
946 534 1139 572 suum.
1231 510 1455 571 Omnes
1484 512 1639 571 enim
1669 534 1884 593 cogno-

138 605 308 661 scen!
333 619 446 658 me.
533 595 633 670 Et,
661 594 846 656 Nihil
872 603 962 655 est
987 595 1097 675 qui
1121 594 1313 676 rigat,
1342 602 1452 654 aut
1477 593 1586 674 qui
1615 593 1884 673 plantat,

0 602 25 776 Ξ
137 680 253 743 sed
279 680 389 762 qm‘
423 680 854 742 incrementum
884 678 991 738 dat
1012 677 1205 743 Deus.
1233 677 1359 738 Jer.
1382 675 1548 736 xxxi.
1587 687 1608 735 1
1641 676 1883 737 Conni.

0 795 8 839 i
137 762 320 824 Joan.
348 762 425 822 vi.
512 761 874 842 Quanquam
912 761 1075 820 enirn
1117 781 1299 820 nemo
1336 758 1534 818 veniat
1571 757 1644 817 ad
1674 757 1881 819 Chris-

0 843 11 920 ξ
139 855 294 919 tum,
350 844 463 905 nisi
521 844 792 904 trahatur
835 866 868 902 a
912 843 1084 903 Patre
1125 841 1377 915 coelesti,
1433 863 1502 900 ac
1546 841 1706 901 intus
1752 841 1884 902 illu-

0 925 10 992 ἱ
140 927 405 989 minetur
478 949 585 1010 per
640 925 932 1008 Spiritum
994 925 1307 997 Sanctum,
1379 923 1603 984 scimus
1677 934 1881 983 tamen

0 1001 10 1036 ²
138 1009 344 1072 Deum
396 1010 648 1070 omnino
689 1008 843 1069 velle
892 1006 1196 1090 praedicari
1241 1007 1488 1067 verbum
1534 1004 1652 1066 Dei
1698 1005 1884 1066 etiam

0 1107 16 1181 ’ἰ
137 1092 302 1156 foris.
377 1091 680 1173 Equidem
711 1090 1006 1184 potuisset
1033 1112 1142 1172 per
1169 1089 1460 1182 Spiritum
1493 1110 1667 1149 suum
1701 1089 1886 1149 Sanc-

138 1187 293 1250 tum,
321 1187 424 1236 aut
454 1197 560 1257 per
591 1173 984 1235 ministerium
1017 1173 1257 1253 Angeli,
1288 1173 1512 1252 absque
1552 1171 1884 1231 ministerio

138 1258 203 1320 S.
226 1257 383 1320 Petri
429 1257 753 1318 instituisse
787 1255 1135 1316 Cornelium
1186 1255 1246 1315 in
1276 1255 1447 1315 Actis
1483 1253 1674 1327 Deus,
1708 1267 1883 1315 caete-

140 1361 277 1403 rum
322 1339 515 1421 rejicit
572 1340 735 1400 hunc
780 1338 1171 1398 nihilominus
1214 1337 1288 1397 ad
1334 1337 1613 1397 Petrum:
1657 1335 1733 1397 de
1761 1358 1884 1417 quo

141 1422 412 1505 Angelus
451 1423 734 1503 loquens:
779 1419 927 1494 Hic,
960 1420 1174 1502 inquit,
1203 1419 1362 1480 dicet
1390 1420 1503 1480 tibi
1527 1419 1682 1500 quid
1713 1441 1883 1500 opor-

143 1513 274 1567 teat
308 1513 371 1566 te
389 1502 636 1588 facere.
722 1504 845 1570 Qui
891 1503 1055 1563 enim
1107 1503 1268 1562 intus
1315 1502 1636 1574 illuminat,
1663 1501 1887 1563 donato

10 1635 17 1642 .
142 1586 489 1648 hominibus
510 1586 738 1668 Spiritu
762 1586 1004 1654 Sanct0,
1027 1584 1184 1644 idem
1219 1584 1318 1643 ille
1347 1585 1699 1666 praecipiens
1728 1584 1885 1645 dixit

71 1668 216 1754 ἐμ]
245 1667 574 1750 discipulos
618 1689 793 1728 suos:
838 1668 936 1727 Ite
980 1666 1043 1726 in
1085 1666 1373 1726 mundum
1418 1667 1787 1738 universum,
1826 1674 1886 1726 et

43 1782 52 1826 ζ
93 1750 361 1897 fodit
360 1759 463 1812 ate
491 1750 668 1811 Ευαη
715 1748 898 1810 elium
927 1749 1091 1808 omni
1121 1756 1434 1808 creaturae.
1523 1748 1707 1809 Unde
1735 1749 1888 1809 Pau-

56 1836 235 1910 ’Ῐῌιο
274 1832 489 1917 Lydioe
531 1772 715 1916 aputf
748 1832 1061 1914 Philippos
1117 1830 1502 1913 purpurariae,
1542 1830 1890 1914 praedicavit

7 1967 9 1969 -
71 1922 104 1949 ’”
137 1917 388 1979 verbum
417 1917 697 1989 exterius,
728 1914 975 1975 interius
1013 1924 1216 1975 autem
1260 1913 1492 1995 aperuit
1522 1914 1756 1974 mulieri
1787 1935 1890 1974 cor

0 1975 17 2035 ’ζ
141 1998 480 2080 Dominus:
520 1998 804 2079 idemque
827 1997 1045 2058 Paulus
1074 1996 1366 2057 collocata
1395 1996 1743 2078 gradatione
1771 1997 1891 2057 ele-

0 2056 20 2194 i
141 2081 308 2166 ganti
337 2081 412 2143 ad
442 2082 623 2143 Rom.
663 2102 721 2140 x.
750 2079 993 2140 tandem
1028 2078 1242 2139 infert:
1280 2079 1456 2162 Ergo
1473 2077 1651 2161 fides
1678 2100 1752 2140 ει*
1779 2101 1890 2140 au-

0 2184 14 2249 *
144 2166 277 2226 dieu
306 2172 435 2226 aet:
466 2164 715 2226 auditus
742 2175 945 2224 autem
966 2184 1083 2242 per
1107 2161 1354 2224 verbum
1383 2162 1528 2223 Dei.
1591 2162 1889 2245 Agnosci-

0 2301 2 2308 .
145 2269 283 2310 mus
308 2247 547 2309 interim
570 2246 773 2308 Deum
806 2245 1143 2306 illuminare
1173 2266 1349 2326 posse
1381 2244 1675 2318 homines,
1702 2245 1888 2305 etiam

0 2328 13 2429 Ξ
142 2330 274 2392 aine
317 2342 567 2391 externo
612 2328 961 2401 ministeri0‚
1056 2349 1164 2386 uos
1213 2338 1276 2386 et
1325 2326 1569 2406 quando
1607 2326 1783 2387 velit:
1826 2326 1889 2387 id

0 2425 38 2488 μ’
141 2410 308 2494 quod
341 2411 471 2492 ejus
506 2411 792 2495 potentiae
839 2421 949 2470 est.
1012 2349 1167 2469 qNos
1213 2420 1413 2468 autem
1455 2409 1765 2489 loquimur
1811 2408 1889 2470 de

145 2494 363 2557 usitata
391 2495 619 2556 ratione
659 2491 1007 2555 instituendi
1050 2491 1345 2566 hominm,
1382 2500 1443 2551 et
1486 2502 1785 2575 praecepto
1827 2502 1891 2552 et

142 2579 427 2660 exemplo
456 2577 671 2639 tradita
701 2577 873 2637 nobis
904 2599 940 2637 a
966 2576 1122 2638 Deo.

226 2661 598 2723 Execramur
620 2660 822 2742 itaque
849 2682 1061 2721 omnes
1092 2659 1342 2723 haereses
1364 2659 1730 2731 Artemonis,
1753 2658 1895 2718 Ma-

144 2744 537 2818 nichaeorum,
572 2743 1154 2815 Valentinianorum,
1182 2741 1492 2814 Cerdonis„
1531 2754 1594 2801 et
1630 2741 1894 2802 Marcio-

144 2826 427 2902 nitas-um,
467 2827 573 2908 qui
617 2838 909 2909 negarunt
951 2826 1291 2908 Scripturas
1331 2847 1365 2884 e
1402 2824 1630 2907 Spiritu
1669 2825 1892 2884 Sancto

94 2927 103 2934 ·
146 2909 479 3004 pmfectas:
522 2909 616 2971 vel
647 2908 937 2991 quasdam
969 2909 1204 2971 illarum
1247 2930 1370 2968 non
1401 2918 1768 2989 receperunt,
1798 2906 1890 2964 vel

35 2999 37 3002 ⁴
147 2993 585 3076 interpolarunt
628 3005 690 3052 et
737 3003 1149 3075 corruperunt.
1238 2990 1488 3051 Interim
1531 2989 1679 3048 nihil
1722 2987 1894 3048 dissi-

150 3074 451 3136 mulamus
477 3074 772 3157 quosdam
790 3075 850 3136 V
851 3088 930 3135 et.
946 3074 1111 3135 Test.
1132 3074 1317 3134 libros
1346 3095 1381 3133 a
1410 3072 1709 3132 veteribus
1739 3093 1895 3130 nun-

149 3167 399 3240 cupntos
426 3180 555 3219 esse
584 3159 640 3219 A
685 3158 1005 3252 oeryphos,
1033 3158 1110 3217 ab
1139 3156 1268 3217 aliis
1298 3155 1771 3225 Ecclesiasticos‚
1801 3166 1895 3213 ut-

46 3254 49 3259 “
149 3250 293 3321 pote
332 3259 484 3320 quos
526 3240 587 3300 in
753 3241 912 3301 lestis
954 3240 1072 3319 legi
1117 3240 1435 3299 voluerunt
1474 3235 1742 3316 quidem,
1770 3257 1893 3295 non

150 3335 353 3383 tamen
384 3321 631 3404 proferri
674 3321 747 3383 ad
791 3321 1216 3383 authoritatem
1256 3342 1332 3380 ex
1365 3319 1459 3379 his
1494 3318 1635 3378 fidei
1673 3319 1893 3378 conflr-

149 3402 455 3473 mnndam.
541 3402 732 3481 Sicuti
777 3415 838 3464 et
882 3403 1257 3485 Augustinus
1296 3406 1356 3461 in
1404 3401 1508 3461 lib.
1545 3399 1623 3461 de
1651 3399 1894 3462 Civitat.

76 3518 82 3552 ,·
150 3485 271 3549 Dei
308 3486 473 3547 xviii.
517 3509 648 3569 cap.
690 3496 794 3546 38.
838 3495 1292 3556 commemorat,
1336 3482 1606 3543 in-libris
1652 3483 1892 3565 Regum

71 3589 75 3595 ·
153 3566 367 3631 adduci
406 3570 834 3652 prophetarum
885 3566 1259 3647 quorundam
1302 3565 1548 3627 nomina
1582 3578 1652 3627 et
1694 3566 1898 3638 libros,

771 3683 799 3700 -
1007 3669 1043 3708 c

1668 3795 1700 3806 t
