2418 4172
439 340 547 394 142
1047 337 1540 392 CONFESSIO

440 502 547 544 eor
577 479 836 542 hominis
862 486 922 540 et
949 478 1359 541 samuhele.
1445 478 1624 549 Quod
1656 479 1705 540 si
1735 480 1904 543 nulla
1939 491 2192 564 peccata

439 563 553 626 nisi
610 562 857 624 recitata
912 561 1377 636 remitterentur,
1432 583 1742 643 nunquam
1810 563 2189 644 acquiescere

440 645 820 709 conscientioe
849 655 1115 728 possent,
1141 644 1283 726 quia
1312 645 1572 727 plurima
1601 655 1847 727 peccata
1875 666 2073 727 neque
2101 646 2189 706 vi-

440 728 603 803 dent,
636 750 835 810 neque
878 727 1227 789 meminisse
1269 739 1537 810 possunt.
1621 726 1946 787 Testantur
1986 739 2051 790 et
2088 749 2193 790 ve-

440 822 594 874 teres
642 811 959 893 scriptores
1010 810 1524 870 enumerationem
1577 831 1699 870 non
1750 831 1877 870 esse
1918 829 2192 871 neoessa-

440 894 611 956 riam.
695 893 859 954 Nam
905 893 969 953 in
1014 891 1268 953 decretis
1309 892 1528 953 citatur
1562 892 2056 975 chrysostomus,
2082 891 2191 975 qui

442 977 529 1039 sic
558 977 680 1038 ait:
723 975 867 1037 Non
898 974 1008 1036 tibi
1038 974 1194 1048 dico,
1215 985 1284 1035 ut
1312 986 1372 1035 te
1401 974 1616 1057 prodas
1645 975 1707 1035 in
1732 976 2064 1057 publicum,
2086 996 2195 1036 ne-

442 1080 561 1142 que
604 1057 763 1140 apud
807 1056 955 1117 alios
996 1066 1057 1116 te
1094 1078 1356 1131 accuses,
1382 1057 1487 1117 sed
1515 1057 1760 1118 obedire
1791 1069 1854 1118 te
1881 1058 2021 1119 volo
2095 1078 2194 1118 ro-

443 1141 643 1225 phetoe
664 1138 924 1208 dicenti;
956 1137 1190 1199 Revela
1207 1147 1349 1199 ante
1365 1139 1572 1199 Deum
1591 1140 1756 1201 viam
1776 1148 1963 1203 mam.
2026 1079 2197 1223 Ergo

443 1235 549 1285 tua
588 1223 875 1284 confitere
914 1230 1162 1303 peccata
1193 1220 1356 1303 apud
1390 1221 1618 1295 Deum,
1645 1243 1856 1283 verum
1883 1221 2196 1299 Jndioem,

443 1327 585 1367 cum
628 1304 915 1365 oratione.
1001 1302 1245 1363 Delicta
1285 1312 1392 1363 tua
1432 1303 1768 1396 pronuncia
1807 1324 1933 1364 non
1966 1304 2198 1388 lingm,

445 1386 548 1448 sed
598 1385 979 1448 conscientiae
1025 1395 1146 1445 tuoe
1196 1406 1509 1459 memoria,
1541 1397 1656 1446 etc.
1739 1385 1826 1447 Et
1873 1386 2070 1469 glossa
2116 1385 2199 1448 de

444 1469 824 1554 poenitentia,
875 1467 1037 1529 Dist.
1067 1467 1178 1528 1V.
1226 1490 1356 1561 cap.
1399 1467 1767 1544 confideret,
1810 1469 2032 1531 fatetur
2082 1469 2200 1531 hu,-

447 1553 609 1613 mani
659 1551 811 1632 juris
869 1573 997 1611 esse
1054 1551 1516 1612 confessionem.
1594 1551 1820 1612 Verum
1879 1550 2199 1624 confessio,-

445 1658 588 1697 cum
619 1646 863 1718 propter
891 1633 1228 1694 maximum
1260 1634 1652 1695 absolutionis
1674 1634 2035 1696 beneficium
2060 1645 2192 1696 tum
2287 1703 2290 1706 ,
2367 1662 2369 1667 ⁴
2402 1623 2414 1668 ἶ

447 1729 692 1801 propter
719 1717 862 1778 alias
891 1716 1390 1777 conscientiarum
1416 1716 1703 1777 utilitates
1733 1716 1893 1800 apud
1923 1738 2033 1779 nos
2060 1717 2199 1779 reti·

446 1812 642 1863 netur.

842 1938 1053 2001 v.1>e
1079 1910 1459 2000 Dammae
1495 1939 1803 2001 ciborum.

449 2019 859 2102 PUBLch
906 2040 1211 2123 persuasio
1259 2040 1375 2101 fuit
1423 2063 1545 2102 non
1587 2051 1827 2102 tantum
1870 2039 2057 2123 vulgi,
2092 2040 2199 2103 ,αι

449 2122 630 2185 etiam
670 2123 1019 2185 docentium
1050 2124 1113 2184 in
1141 2122 1428 2197 ecclesiis,
1455 2123 1616 2205 quod
1655 2123 2002 2185 discrimina
2037 2125 2204 2186 cibo-

450 2227 604 2277 rum,
633 2218 696 2267 et
725 2206 951 2267 similes
980 2205 1329 2267 traditiones
1363 2207 1667 2279 bumanae,
1689 2207 1811 2268 sint
1829 2228 2012 2290 opera
2031 2206 2203 2269 utilia
2253 2261 2262 2267 .

451 2289 526 2350 ad
556 2289 1013 2372 promerendam
1046 2289 1300 2371 gratiam
1329 2300 1392 2351 et
1420 2291 1811 2351 satisfactoria
1846 2311 1955 2372 pro
1991 2311 2205 2372 pecca-

451 2372 548 2433 tis.
632 2372 718 2432 Et
759 2371 922 2466 quod
966 2371 1051 2432 sic
1094 2371 1345 2432 senserit
1387 2371 1669 2446 mundus,
1703 2383 1951 2455 apparet
1991 2392 2070 2433 ex
2110 2394 2203 2446 eo,

453 2455 596 2536 quia
632 2454 904 2535 quotidie
943 2453 1409 2516 instituebantur
1448 2477 1617 2516 novae
1654 2454 2033 2528 ceremoniae,
2059 2454 2204 2516 novi

452 2536 710 2610 ordines,
753 2557 922 2597 novoe
978 2536 1157 2610 feriae,
1201 2559 1354 2598 nova
1392 2536 1646 2616 jejunia,
1693 2549 1754 2598 et
1809 2536 2083 2598 doctores
2139 2537 2206 2597 in

454 2619 699 2701 templis
737 2619 1061 2701 exigebant
1099 2619 1227 2680 haec
1265 2641 1447 2702 opera
1480 2632 1771 2701 tanquam
1801 2619 2202 2681 necessarium

455 2701 688 2763 cultum
748 2701 824 2763 ad
860 2695 1338 2785 ¹promerendam
1390 2703 1663 2784 gratiam,
1704 2715 1767 2763 et
1815 2702 2208 2764 vehementer
2236 2758 2249 2765 .

458 2785 759 2846 terrebant
797 2784 1214 2858 conscientias,
1243 2785 1290 2845 si
1330 2785 1476 2866 quid
1511 2787 1876 2847 omitterent.
1960 2784 2062 2847 Ex
2092 2785 2208 2848 hac

457 2867 840 2951 persuasione
882 2867 958 2929 de
1000 2867 1421 2930 traditionibus
1470 2870 1662 2931 multa
1706 2867 2096 2931 incommoda
2141 2868 2206 2930 in

458 2950 711 3012 ecclesia
740 2963 945 3013 secuta
974 2962 1133 3012 sunt.

543 3034 767 3107 Primo,
795 3035 1111 3096 obscurata
1138 3046 1231 3095 est
1258 3033 1528 3096 doctrina
1557 3034 1632 3095 de
1661 3033 1851 3115 gratia
1881 3044 1945 3095 et
1968 3033 2210 3115 justitia

461 3116 626 3192 fidei,
652 3138 788 3198 quoe
816 3128 909 3179 est
935 3116 1242 3200 praecipua
1271 3139 1406 3199 pars
1435 3116 1748 3201 evangelii,
1775 3129 1838 3178 et
1864 3137 2048 3198 quam
2080 3137 2211 3179 ma·-

461 3200 626 3261 xime
653 3211 891 3282 oportet
917 3211 1120 3262 extare
1149 3212 1212 3261 et
1238 3200 1502 3261 eminere
1535 3201 1598 3261 in
1633 3200 1900 3274 ecclesia,
1927 3211 1998 3262 ut
2034 3196 2211 3260 meri-

462 3294 593 3343 tum
624 3283 851 3345 Christi
889 3284 1044 3345 bene
1081 3295 1496 3366 cognoscatur,
1532 3295 1595 3345 et
1635 3282 1807 3358 fides,
1843 3298 1979 3363 quoe
2018 3278 2209 3342 credit

464 3365 687 3427 remitti
720 3377 965 3448 peccata
995 3378 1238 3450 propter
1265 3365 1602 3441 Christum,
1625 3366 1804 3449 longe
1832 3382 2011 3447 supra
2025 3381 2210 3444 opera

466 3447 808 3510 collocetur.
879 3451 1081 3519 Quare
1110 3461 1172 3511 et
1203 3450 1420 3512 Paulus
1446 3450 1508 3511 in
1533 3450 1698 3511 hunc
1718 3449 1919 3509 locum
1943 3443 2209 3505 maxime

467 3528 783 3604 incumbit,
812 3533 1008 3613 legem
1038 3543 1101 3594 et
1128 3532 1478 3595 traditiones
1507 3532 1801 3593 humanas
1828 3537 2114 3599 removet,
2140 3538 2212 3588 ut

468 3614 742 3675 ostendat
769 3613 1066 3691 justitiam
1098 3614 1504 3676 Christianam
1545 3611 1705 3675 aliud
1743 3608 2032 3692 quiddam
2063 3629 2210 3683 csse,
