2418 4172
652 325 1208 381 AUGUSTANA
1259 324 1517 378 MDXL.
1844 328 1952 387 219

211 466 366 529 datis
408 466 523 550 piis
563 467 969 529 sacerdotibus
1003 466 1233 550 polluat
1263 488 1326 527 se
1354 462 1699 549 parricidiis.
1785 465 1949 530 Nam

210 569 353 612 cum
396 560 638 611 caeteras
690 550 939 629 injustas
988 548 1179 610 caedes
1220 547 1391 609 Deus
1437 546 1715 608 atrociter
1758 549 1953 629 punit,

209 640 341 692 tum
394 632 658 693 maxime
705 631 975 692 irascitur
1022 630 1136 701 bis,
1178 630 1281 709 qui
1326 628 1616 689 saevitiam
1663 629 1726 689 in
1765 651 1953 690 sacer-

208 711 379 774 dotes
408 715 539 792 pios
566 725 868 785 exercent,
898 724 965 772 ut
994 712 1190 791 inquit
1219 723 1256 771 4
1285 710 1521 791 Regum
1556 710 1636 771 ix.
1674 710 1953 772 Ulciscor

207 797 567 889 sauguinem
629 815 936 855 servorum
1002 814 1267 854 meorum
1325 792 1779 873 prophetarum,
1843 795 1951 855 διο.

209 877 373 946 Quid
403 889 495 938 est
523 876 848 959 indignius,
877 897 1059 956 quam
1092 874 1341 956 imperia
1370 897 1506 956 quae
1535 874 1821 936 divinitus
1865 874 1953 936 in-

206 958 417 1021 stituta
454 970 615 1034 sunt,
642 971 711 1019 ut
748 980 948 1020 veram
984 957 1315 1018 doctrinam
1347 956 1423 1018 de
1450 957 1607 1031 Deo,
1636 980 1803 1018 veros
1831 957 1950 1019 Dei

207 1040 424 1115 cultus,
478 1042 730 1103 honesta
785 1040 1082 1123 conjugia,
1139 1040 1328 1100 bonos
1396 1061 1592 1100 mores
1653 1052 1952 1115 tueantur,

206 1123 507 1185 mnuferri
550 1124 625 1186 ad
668 1123 984 1185 delendam
1030 1144 1229 1183 veram
1275 1121 1628 1195 doctrinam,
1666 1122 1739 1184 ad
1783 1122 1953 1183 dissi-

209 1205 408 1288 panda
444 1206 743 1288 conjugia,
773 1206 847 1267 ad
885 1203 1323 1267 confirmandas
1353 1216 1412 1264 et
1442 1204 1745 1286 augendas
1785 1206 1953 1287 flagi-

210 1287 391 1348 tiosas
439 1288 716 1349 libidines
771 1289 1150 1371 pontificum,
1191 1286 1589 1359 sacerdotum,
1627 1299 1690 1347 et
1744 1309 1953 1348 mona-

210 1368 504 1432 chorum?
554 1371 755 1440 Quam
807 1369 1145 1431 miserabile
1193 1370 1601 1452 spectaculum
1655 1381 1764 1443 est,
1811 1391 1950 1431 cum

210 1472 400 1534 reges,
442 1452 547 1534 qui
589 1452 893 1513 debebant
932 1474 1061 1513 esse
1104 1451 1224 1512 ima
1266 1474 1304 1511 o
1342 1451 1462 1512 Dei
1506 1451 1570 1511 in
1613 1452 1802 1526 terris,
1829 1474 1952 1512 non

210 1532 351 1595 Deo
377 1535 659 1609 serviunt,
687 1534 789 1595 sed
817 1534 999 1595 furori
1029 1533 1230 1594 Diabo
1257 1534 1273 1594 i
1309 1533 1724 1594 confirmantis
1765 1533 1951 1593 borri-

210 1614 355 1676 bilia
408 1628 673 1709 peccata,
715 1615 1163 1688 idolomaniam,
1205 1614 1500 1687 libidines,
1545 1625 1608 1674 et
1665 1613 1949 1693 injustam

206 1695 622 1758 crudelitatem
645 1698 667 1758 ?
710 1698 891 1758 Porro
919 1718 1060 1758 cum
1090 1695 1166 1756 de
1195 1696 1459 1757 ecclesiae
1486 1707 1548 1756 ct
1575 1695 1813 1777 piorum
1850 1695 1954 1757 de-

206 1776 478 1840 fensione
519 1780 809 1863 scriptum
854 1779 949 1854 sit,
977 1779 1214 1840 Beatus
1254 1778 1363 1861 qui
1401 1778 1728 1839 miseretur
1767 1799 1953 1858 super

209 1880 465 1944 egenum
492 1870 554 1923 et
571 1883 927 1944 pauperem,
947 1863 1011 1923 in
1040 1862 1139 1923 die
1165 1861 1330 1922 mala
1353 1860 1638 1922 liberabit
1661 1882 1795 1922 eum
1816 1860 1951 1922 Do·

209 1989 445 2086 amm}
452 1955 1422 2107 ⁰Kssss¹¹ss¹Qussoeiffsiiff⁸effiffissnit
1443 1965 1595 2107 ,322¹
1600 1943 1954 2100 &LKZ-<1233

209 2117 276 2167 et
322 2130 529 2170 eorum
580 2108 865 2190 conjuges
914 2131 984 2169 ac
1035 2109 1273 2182 liberos,
1315 2130 1466 2189 quos
1516 2108 1763 2189 quidem
1811 2108 1950 2170 Deo

210 2209 367 2251 cum
393 2212 523 2252 esse
549 2213 672 2251 non
698 2191 1065 2253 dubitamus.
1312 2201 1315 2206 “

781 2354 1382 2398 4-—

679 2490 786 2551 De
818 2489 889 2551 V
879 2490 996 2552 otis
1025 2489 1485 2551 Monaclwrum.

211 2568 459 2664 QUID
500 2590 577 2652 de
616 2592 788 2653 votis·
814 2593 1247 2655 monachorum
1294 2592 1452 2675 apud
1495 2614 1604 2653 nos
1646 2591 1947 2668 doceatur,

211 2672 427 2736 melius
455 2674 747 2757 intelliget
774 2675 823 2735 si
853 2676 987 2756 quis
1019 2676 1360 2736 meminerit
1388 2675 1581 2756 qualis
1611 2687 1799 2736 status
1821 2677 1949 2738 fue-

212 2753 291 2815 rit
331 2757 843 2832 monasteriorum,
869 2780 1050 2839 quam
1097 2759 1288 2820 multa
1334 2770 1542 2819 contra
1584 2780 1841 2819 canones
1885 2759 1947 2819 in

213 2834 357 2918 ipsis
399 2839 769 2901 monasteriis
811 2840 1079 2921 quotidie
1112 2842 1353 2902 fiebant.
1437 2840 1761 2922 Augustini
1796 2851 1950 2901 tem-

211 2937 357 3000 pore
403 2931 572 2980 erant
618 2921 802 2983 libera
848 2923 1132 3005 collegia3
1189 2934 1397 3006 postea
1444 2932 1722 3003 corrupta
1771 2922 1948 2985 disci-

212 2999 398 3082 plina,
426 3001 649 3082 ubique
685 3002 888 3065 addita
924 3017 1064 3067 sunt
1099 3017 1256 3081 vota,
1284 3017 1354 3066 ut
1389 3016 1675 3085 tanquam
1707 3004 1948 3087 excogi-

212 3092 341 3144 tato
381 3103 611 3145 carcere
649 3082 964 3168 discsplina
1006 3088 1427 3149 restitueretur.
1511 3086 1751 3148 Additae
1806 3097 1947 3151 sunt

213 3164 502 3306 gaulatim
544 3187 723 3248 supra
755 3180 894 3231 vota
921 3169 1052 3232 alioe
1081 3170 1290 3232 multae
1316 3169 1775 3231 observationes.
1859 3168 1947 3233 Et

257 3268 345 3308 aec
385 3247 623 3308 vincula
665 3249 869 3310 multis
910 3263 1048 3311 ante
1080 3251 1310 3330 justam
1345 3263 1585 3312 aetatem
1614 3261 1821 3313 contra
1848 3273 1947 3315 ca-

211 3350 399 3392 nones
430 3329 646 3409 injecta
673 3342 830 3392 sunt.
914 3332 1102 3395 Multi
1129 3333 1469 3396 inciderunt
1493 3354 1687 3394 errore
1727 3333 1789 3395 iu
1828 3333 1947 3395 boc

211 3410 353 3475 vitae
408 3432 617 3494 genus,
670 3413 888 3494 quibus
943 3414 1123 3476 etiam
1182 3416 1229 3475 si
1288 3438 1410 3477 non
1465 3415 1740 3477 deessent
1786 3416 1947 3493 anni,

211 3502 414 3561 tamen
448 3493 747 3573 judicium
788 3495 864 3558 de
901 3497 1023 3559 suis
1060 3496 1284 3559 viribus
1310 3498 1517 3561 defuit.
1602 3497 1725 3566 Qui
1754 3498 1841 3561 sic
1867 3498 1945 3560 ir·-

213 3576 372 3644 miti
398 3589 568 3644 erant
594 3579 962 3660 cogebantur
988 3601 1248 3655 manere,
1266 3580 1451 3646 etiam
1478 3580 1530 3645 si
1555 3579 1802 3664 quidam
1840 3581 1944 3649 be·

1593 3747 1636 3762 ,

1627 3771 1661 3786 l
