2418 4172
558 378 667 431 DE
707 376 1510 432 REMONSTRANTIBUS.
1801 380 1900 432 451

154 518 386 582 afflictis
407 529 470 580 et
491 518 830 581 labentibus
851 518 1139 581 Ecclesiae
1167 519 1362 590 rebus,
1383 518 1428 581 S
1472 517 1612 578 nodi
1640 519 1904 581 remedio

152 601 483 664 clementer
511 601 925 672 succurrerint,
955 602 1172 684 probos
1210 612 1272 663 et
1306 599 1426 662 fide
1449 622 1514 660 es
1541 599 1672 661 Dm
1704 624 1899 663 servos

151 682 217 746 in
255 706 425 746 suam
456 684 708 746 tutelam
756 685 1102 765 receperint,
1131 683 1354 765 pignus
1395 681 1592 743 omnis
1624 683 1901 746 benedic-

153 766 336 828 tionis
365 779 427 828 et
454 766 783 849 praesentiae
812 764 1049 836 divinae,
1078 766 1243 826 verbi
1279 785 1416 825 nem
1464 786 1499 825 e
1539 764 1723 847 ipsius
1753 768 1901 827 veri-

154 858 366 925 tatem,
396 849 458 910 in
494 849 618 910 suis
644 846 974 908 ditionibus
1011 858 1213 907 sancte
1247 859 1308 907 et
1351 786 1625 929 reiigiose
1667 870 1902 909 conser-

153 940 356 992 vatam
398 929 726 992 voluerint:
770 927 919 989 nulli
970 928 1177 1000 labori,
1220 929 1401 990 nullis
1444 930 1784 1011 sumptibus
1828 931 1900 991 ad

152 1020 392 1075 tantum
422 1032 576 1095 opus
612 1010 1092 1094 promovendum
1129 1023 1190 1071 et
1223 1010 1654 1107 perficiendum
1696 1035 1904 1095 peper-

153 1093 380 1158 cerint:
422 1115 534 1178 pro
590 1094 812 1175 quibus
837 1094 1102 1166 ‘eximiis
1151 1094 1363 1154 officiis
1422 1094 1817 1174 largissimam
1870 1118 1904 1156 a

153 1176 431 1240 Domino
480 1188 541 1237 et
590 1176 834 1259 publice
876 1188 938 1236 et
981 1175 1283 1259 privatim,
1325 1187 1386 1237 et
1428 1176 1800 1259 spiritualem
1844 1190 1905 1240 et

26 1300 40 1314 -
153 1258 572 1343 temporalem,
601 1259 1144 1319 remunerationem
1176 1270 1304 1319 toto
1335 1270 1572 1341 pectore
1602 1259 1902 1321 vaonus

155 1340 915 1487 οοωρτῖαιξωτεαΕΞεάεᾳι
951 1363 1129 1424 porro
1170 1340 1473 1484 Domirlilos
1507 1341 1902 1484 clemlentissi-

157 1445 993 1578 ffssffissssfimenaefflffis
1022 1434 1905 1568 ssssffssssm⁰na⁸3t⁰n2⁸fo¹ssss1⁸22⁸tss

157 1611 295 1652 rum
315 1589 725 1652 Ecclesiamm
750 1610 1110 1650 consensum
1132 1610 1169 1649 a
1190 1587 1437 1670 Synodo
1459 1610 1821 1670 expressam,
1843 1590 1906 1651 in

158 1671 284 1736 suis
309 1671 656 1755 regionibus
684 1670 874 1731 solam
911 1682 974 1731 et
1009 1670 1253 1752 publice
1282 1670 1471 1731 audiri
1499 1671 1689 1731 velint
1724 1683 1786 1731 et
1802 1671 1907 1751 ju·-

157 1753 377 1816 benntz
417 1761 662 1815 arceant
701 1752 1073 1813 suborientes
1116 1773 1326 1812 omnes
1368 1753 1617 1813 baereses
1656 1765 1716 1813 et
1751 1775 1909 1814 erro-

0 1835 38 1916 s'
156 1856 274 1908 nes
315 1833 561 1919 spiritus
605 1833 908 1915 inquietos
951 1846 1017 1895 et
1062 1834 1440 1895 turbulentos
1489 1847 1908 1917 compescant=

161 1938 337 1982 vero·
361 1928 428 1980 et
454 1915 748 1999 benignos
775 1916 1069 1978 Ecclesiae
1098 1916 1375 1977 nutritios
1417 1938 1488 1977 ac
1523 1926 1750 1978 tutores
1780 1940 1908 1979 sese

35 2022 42 2026 ·
159 2000 417 2085 probare
453 2010 742 2084 pergant:
787 2000 850 2061 iu
892 2021 1174 2082 personas
1218 2021 1398 2082 supra
1438 1998 1628 2061 dictas
1672 2013 1910 2061 senten·

51 2139 54 2142 ,
162 2083 315 2146 tiam
355 2103 467 2166 pro
489 2080 631 2163 jure
665 2082 1088 2154 ecclesiastice,
1116 2082 1322 2162 patriis
1366 2081 1600 2163 legibus
1628 2084 1909 2143 confirm-

163 2175 286 2241 ato,
321 2174 516 2228 ratam
557 2187 689 2227 esse
729 2165 936 2241 velint,
977 2177 1040 2226 et
1086 2164 1455 2226 auctoritatis
1505 2187 1627 2226 suae
1675 2164 1910 2244 adjecto

163 2247 418 2323 calculo,
443 2246 762 2329 synodicas
804 2248 1261 2311 constitutiones
1298 2247 1580 2308 immotas
1608 2262 1668 2307 et
1696 2269 1908 2330 perpe-

164 2340 301 2393 tuas
326 2328 599 2393 reddant.

484 2494 807 2549 NOMINE
844 2492 956 2547 ΕΤ
994 2492 1236 2547 JUSSU
1277 2493 1596 2556 SYNODI,

169 2601 568 2668 Sebastianus
587 2605 919 2676 Damnum,
1116 2603 1181 2664 di
1211 2603 1445 2665 Scriba.

170 2686 387 2750 Festus
405 2687 733 2751 Hommt'us
760 2688 930 2751 Eccl.
1022 2687 1300 2769 eydensis
1324 2687 1568 2757 Pastor,
1601 2695 1661 2748 et
1682 2686 1911 2769 Synodi’

252 2770 407 2832 Nat·
436 2770 816 2837 Aemus-x

172 2844 252 2914 In
277 2854 688 2934 testimonium
713 2855 1029 2928 Actorum,
1060 2850 1299 2915 Daniel
1325 2850 1638 2912 Heinsius.
