2418 4172
600 389 1465 445 HEIDELBERGENSIS.
1795 392 1904 447 ³77

245 533 426 604 Quod
455 534 735 595 Christus
772 545 1088 594 externum
1130 554 1300 615 aquae
1329 533 1629 593 lavacrum
1661 531 1908 592 manda·

161 618 251 679 vit
267 616 317 691 Β,
346 616 548 678 addita
586 616 700 677 hac
737 615 1133 700 promissione
1146 625 1192 690 ⁰,
1220 635 1320 675 me
1349 634 1469 675 non
1504 612 1704 672 minus
1743 625 1907 674 certo

163 698 183 760 i
229 699 352 761 sius
374 699 668 782 sanguine
687 710 750 759 et
771 698 999 780 Spiritu
1029 718 1063 757 a
1092 695 1366 756 sordibus
1394 694 1631 767 animae,
1653 694 1769 754 hoc
1798 707 1908 768 est,

164 803 201 844 a
269 783 550 843 omnibus
580 781 730 841 meis
758 779 1019 861 peccatis
1049 778 1249 851 lavari,
1275 798 1458 857 quam
1489 796 1645 855 aqua
1681 777 1910 836 extrin-

164 885 338 1007 sepus
378 864 620 926 abintus
662 883 796 922 sum
816 860 860 935 ‘¹,
889 881 1009 942 qua
1046 858 1249 919 sordes
1287 857 1550 941 corporis
1592 859 1909 940 expurgari

166 967 234 1007 so
255 956 377 1007 ent.

247 1036 350 1103 70.
384 1025 558 1092 Quid
580 1033 673 1086 est
696 1023 1003 1107 sanguine
1029 1031 1090 1083 et
1119 1023 1362 1104 Spiritu
1397 1021 1631 1083 Christi
1655 1020 1826 1082 ablui
1850 1023 1888 1081 ‚⁹

246 1107 365 1171 Est
391 1108 661 1191 accipere
689 1130 723 1168 a
751 1107 890 1168 Deo
917 1105 1328 1167 remissionem
1353 1116 1758 1188 peccatorum,
1779 1126 1915 1187 gra-

166 1191 267 1267 tis,
291 1203 538 1276 propter
564 1190 918 1273 sanguinem
948 1188 1195 1263 Christi,
1217 1210 1400 1269 quem
1431 1188 1483 1248 is
1554 1210 1620 1248 ro
1649 1187 1823 1247 nobis
1853 1187 1913 1247 in

168 1295 281 1336 suo
314 1273 608 1336 sacrificio
636 1273 698 1333 in
727 1294 904 1333 cruce
932 1270 1200 1354 profudit
1219 1282 1276 1332 ⁶:
1321 1270 1481 1332 Dein
1527 1293 1561 1330 e
1589 1269 1772 1330 etiam
1810 1291 1919 1351 per

168 1355 466 1440 Spiritum
510 1356 801 1416 Sanctum
853 1354 1140 1428 renovari,
1180 1364 1260 1427 et,
1302 1353 1435 1436 ipso
1484 1353 1920 1426 sanctificante,

171 1439 518 1500 membrum
546 1437 774 1499 Christi
803 1435 953 1510 fieri,
976 1457 1100 1517 quo
1127 1436 1319 1518 magis
1349 1457 1420 1497 ac
1441 1435 1635 1517 magis
1654 1434 1919 1518 peccatis

173 1521 523 1595 moriamur,
550 1531 612 1582 et
640 1530 845 1581 sancte
872 1518 1302 1600 inculpateque
1331 1518 1603 1580 vivamus
1624 1516 1660 1578 s.

257 1613 359 1680 71.
395 1602 518 1665 Ubi
543 1602 830 1684 promisit
863 1600 1164 1674 Christus,
1191 1622 1260 1661 se
1285 1622 1394 1662 nos
1430 1608 1557 1661 tam
1591 1606 1757 1661 certo
1781 1619 1923 1659 san·

170 1686 362 1769 guine
402 1693 464 1746 et
505 1684 749 1781 Spiritu
787 1704 898 1745 suo
939 1682 1312 1756 abluturum,
1348 1703 1533 1765 quam
1574 1702 1738 1764 aqua
1780 1680 1924 1762 bap-

174 1767 344 1829 tismi
367 1765 563 1828 abluta
587 1786 797 1827 sumus
822 1767 861 1824 9

258 1848 338 1910 In
379 1847 758 1910 institutione
798 1845 1106 1929 baptismi,
1138 1845 1309 1925 cujus
1353 1845 1485 1905 haec
1528 1854 1668 1905 sunt
1712 1844 1925 1904 verbaz

178 1932 294 2006 Ite,
321 1939 383 1992 et
424 1931 630 1992 docete
668 1951 870 1990 omnes
902 1937 1140 2011 gentes,
1170 1927 1551 2009 baptizantes
1587 1948 1703 1997 eos,
1731 1927 1798 1987 in
1824 1949 1927 1987 no-

178 2014 343 2075 mine
369 2013 603 2085 Patris,
625 2019 685 2071 et
714 2010 883 2083 Filii,
904 2019 964 2071 et
993 2009 1265 2091 Spiritus
1287 2009 1503 2070 Sancti
1522 2021 1551 2061 ⁸
1571 2034 1593 2070 .·
1645 2009 1775 2074 Qui
1798 2030 1928 2069 cre-

178 2095 408 2157 diderit
462 2102 523 2155 et
573 2094 922 2174 baptizatus
945 2090 1182 2175 siler-it,
1219 2092 1564 2153 servabitur
1583 2115 1606 2151 .·
1661 2092 1770 2184 qui
1809 2112 1931 2152 non

184 2177 529 2251 ‹zv-ediderit,
556 2175 1053 2237 condemnabitur
1072 2174 1118 2235 ¹².
1203 2174 1361 2235 Haec
1401 2173 1720 2256 promissio
1761 2195 1931 2256 repe-

182 2261 351 2335 titur,
376 2280 520 2321 cum
562 2258 672 2319 seri
721 2269 852 2318 tura
893 2257 1267 2339 baptismum
1310 2256 1585 2316 nominat
1625 2256 1929 2316 lavacrum

186 2341 648 2425 regenerationis
686 2386 705 2414 ‚
733 2350 796 2399 et
824 2340 1191 2400 ablutionem
1370 2350 1605 2399 atorum
1627 2336 1678 2398 ¹².

267 2435 370 2500 72.
413 2422 638 2484 Est-ne
680 2443 828 2504 ergo
877 2430 1161 2483 externus
1244 2422 1541 2503 apti-smus
1586 2441 1757 2503 aquae
1796 2421 1934 2502 ipsa

176 2516 569 2591 peccator-sm
594 2504 826 2567 abbatia
850 2505 890 2563 9

267 2588 415 2652 Non
457 2586 615 2649 est¹:
657 2587 823 2649 Nam
868 2586 1028 2647 solus
1069 2586 1312 2668 sanguis
1342 2585 1494 2647 Jesu
1524 2583 1753 2645 Christi
1787 2606 1933 2668 pur-

188 2683 294 2755 gat
318 2693 429 2733 nos
456 2672 534 2732 ab
561 2670 729 2732 omni
758 2680 1007 2752 peceato
1024 2679 1086 2729 η’.

273 2763 376 2828 73.
436 2752 567 2815 Usar
608 2774 753 2835 ergo
794 2752 1069 2833 Spiritus
1111 2751 1375 2812 Sanctus
1418 2750 1780 2829 baptismum
1828 2769 1936 2828 ap-

186 2833 386 2917 pellat
411 2833 723 2962 levam-mn
743 2834 1236 2916 regenerationis,
1259 2841 1319 2894 et
1339 2831 1706 2893 ablutionem
1724 2852 1937 2911 pecca-

277 2998 451 3061 Dens
477 3019 601 3059 non
629 2998 759 3059 sine
786 2998 948 3081 gravi
980 3020 1157 3060 eausa
1186 2999 1271 3059 sic
1299 2995 1600 3077 loquitur;
1643 2994 1938 3070 videlieet,

265 3206 291 3239 b
321 3205 467 3255 Matt-
490 3204 642 3254 xxviii.
673 3220 748 3268 19,
778 3221 855 3254 20.
916 3206 1021 3254 Act.
1047 3203 1095 3253 ii.
1122 3204 1201 3267 38.
1338 3211 1356 3235 ⁶
1384 3203 1530 3251 Matt.
1555 3201 1618 3250 iii.
1651 3217 1725 3250 ιι.
1783 3201 1939 3250 Mare.

200 3272 293 3322 xvi.
323 3272 400 3321 ι6.
445 3273 592 3321 Rom.
615 3271 674 3321 vi.
701 3286 748 3334 3,
773 3286 820 3332 4.
956 3270 979 3302 ‘¹
1007 3272 1157 3319 Marc.
1178 3271 1274 3331 i.4.
1341 3270 1464 3318 Luc.
1485 3268 1550 3317 iii.
1572 3284 1620 3331 3.
1756 3276 1776 3299 ‘²
1806 3267 1939 3317 neb.

203 3338 282 3388 xii.
310 3354 390 3402 ²4·
475 3354 493 3387 1
526 3339 632 3387 Pet.
656 3339 688 3386 i.
721 3353 762 3394 1,
791 3353 836 3386 α.
922 3339 962 3386 Α
1058 3373 1071 3385 .
1096 3337 1127 3385 ἰ.
1152 3351 1198 3400 5.
1225 3347 1276 3385 et
1296 3335 1402 3383 xxii.
1435 3350 1510 3397 ¹4·
1595 3334 1744 3383 Zach.
1768 3333 1865 3383 xiii.
1897 3350 1940 3384 ι.

200 3406 378 3455 Ezeeh.
401 3405 548 3454 mvi.
577 3418 658 3467 ας,
682 3405 761 3461 26,
790 3418 868 3465 27.
1015 3405 1128 3451 Joh.
1154 3403 1185 3451 i.
1205 3418 1287 3466 33.
1312 3413 1364 3451 et
1393 3401 1456 3451 iii.
1482 3416 1531 3466 5.
1600 3418 1616 3449 ι
1645 3403 1756 3450 Cor.
1776 3401 1839 3450 vi.
1865 3417 1940 3451 ιι.

200 3472 347 3523 etxii.
373 3488 447 3536 ¹3·
510 3473 652 3520 Rom.
678 3470 738 3519 vi.
756 3487 805 3533 4.
864 3470 1047 3519 Coloss.
1066 3468 1113 3518 ii.
1140 3486 1157 3518 ι
1178 3485 1216 3525 ι,
1249 3486 1323 3519 12.
1459 3476 1483 3506 ⁸
1513 3469 1658 3517 Μαι.
1682 3466 1833 3517 xxviii.
1866 3482 1940 3532 ¹9·

201 3538 228 3572 Β
258 3541 411 3589 Marc.
436 3541 528 3588 xvi.
560 3540 634 3587 16.
772 3536 785 3569 ¹
816 3536 917 3586 Tit.
942 3536 1003 3585 iii.
1030 3551 1078 3601 5.
1221 3534 1243 3567 '¹
1276 3538 1384 3586 Act.
1408 3534 1518 3584 xxii.
1549 3535 1624 3583 16.
1760 3534 1942 3585 ’Μαι

205 3605 271 3655 iii.
296 3622 314 3655 ι
332 3623 371 3655 ι.
450 3623 466 3654 ι
499 3607 603 3660 Pet.
621 3605 688 3654 iii.
716 3621 794 3654 21.
856 3605 981 3670 Eph.
1000 3621 1044 3652 v.
1070 3604 1148 3660 26,
1173 3617 1251 3665 27.
1386 3611 1423 3636 ω
1456 3619 1472 3651 ι
1496 3601 1655 3652 Joh.i.
1678 3614 1723 3663 7.
1793 3618 1813 3651 ι
1831 3603 1943 3652 Cor.

207 3688 264 3721 νι.
296 3688 371 3724 ιι.
432 3689 436 3691 ’
2011 3686 2020 3691 ·

1647 3771 1680 3785 l
