2418 4172
488 341 596 392 424
923 342 1005 395 11.
1044 297 1485 398 DOCTRINAE‘
1516 344 1724 398 CAPU
1728 346 1794 407 T,

860 603 1029 665 REJ
1039 603 1316 665 ECTIO
1375 603 1872 665 ERRORUM.

507 772 801 855 Ezposita
830 774 1101 835 doctrina
1129 772 1455 834 orthodoxa
1476 772 1677 857 rejicit
1697 772 1975 856 Synodus
1997 793 2235 837 errores

1265 877 1487 930 eorum,

1354 1021 1404 1081 1.

513 1132 695 1227 QUI
739 1144 976 1216 docent,
1017 1150 1053 1178 “
1086 1141 1266 1211 Quod
1293 1142 1464 1203 Deus
1494 1143 1669 1203 Pater
1695 1142 1917 1203 Filium
1961 1163 2139 1204 suum
2171 1141 2241 1209 ia

512 1235 546 1263 “
578 1238 832 1287 mortem
877 1224 1068 1286 crucis
1111 1224 1514 1299 destinaverit,
1541 1226 1670 1284 sine
1706 1236 1870 1284 certo
1890 1245 1968 1285 ac
1987 1222 2244 1285 definito

513 1318 549 1345 “
579 1308 826 1369 consilio
861 1328 1230 1387 quemquam
1275 1306 1633 1368 nominatim
1677 1305 1961 1381 salvandi,
1985 1305 2137 1368 adeo
2174 1316 2247 1366 ut

512 1399 546 1426 “
578 1389 980 1473 impetrationi
1009 1388 1220 1450 mortis
1242 1388 1468 1450 Christi
1500 1411 1607 1450 sua
1634 1389 1973 1463 necessitas,
1998 1387 2248 1462 utilitas,

514 1482 550 1509 “
581 1472 841 1554 dignitas
870 1483 1024 1535 sarta
1054 1483 1230 1546 tecta,
1253 1484 1315 1532 et
1339 1472 1605 1533 numeris
1634 1471 1755 1532 suis
1778 1470 2059 1553 perfecta,
2080 1491 2250 1531 oom-

514 1565 547 1591 “
579 1557 740 1637 pleta
769 1566 948 1635 atque
976 1555 1205 1635 integra
1234 1567 1502 1615 constare
1612 1555 1843 1627 tuisset,
1870 1552 2108 1615 etiamsi
2134 1553 2252 1614 im·

516 1648 553 1674 “
584 1650 813 1719 petrata
860 1637 1194 1718 redemptio
1243 1637 1389 1696 nulli
1442 1576 1750 1696 individuo
1801 1658 2065 1718 unquam
2112 1645 2251 1697 actu

519 1728 555 1756 “
586 1721 716 1802 ipso
745 1720 951 1779 fuisset
981 1719 1326 1800 applicata.”
1390 1718 1544 1779 Haec
1573 1719 1734 1778 enim
1767 1719 2010 1779 assertio
2036 1718 2099 1778 in
2130 1716 2251 1778 Dei

523 1802 709 1862 Patris
754 1800 1106 1883 sapientiam
1153 1801 1555 1883 meritumque
1594 1800 1745 1860 Jesu
1775 1800 1999 1861 Christi
2044 1811 2255 1860 contu·-

526 1883 789 1957 meliosa,
832 1895 892 1942 et
935 1881 1253 1963 Scripturae
1297 1882 1587 1942 contraria
1625 1895 1733 1942 est.
1818 1883 1920 1943 Sic
1960 1881 2124 1943 enim
2171 1881 2256 1942 ait

525 1969 831 2027 Servator:
863 1964 1000 2046 Ego
1030 1964 1294 2023 animam
1319 1985 1477 2043 pano
1508 1984 1627 2043 pro
1655 1964 1881 2037 ovibus,
1910 1971 1971 2024 et
1997 1984 2257 2045 agnosco

528 2069 647 2108 eas,
689 2047 914 2107 Johan.
943 2066 1004 2104 x.
1035 2056 1128 2118 15,
1152 2055 1249 2119 27.
1324 2046 1411 2105 Et
1439 2044 1514 2104 de
1542 2044 1852 2105 Servatore
1881 2044 2092 2105 Esaias
2122 2066 2260 2127 pro-

527 2130 743 2212 pheta:
796 2127 949 2188 Cum
986 2128 1259 2207 posuerit
1293 2148 1358 2187 se
1398 2124 1765 2210 sacraficium
1880 2149 1914 2188 ο
1948 2135 2147 2200 reatu,
2172 2127 2262 2189 vi-

527 2212 690 2272 debit
729 2232 946 2284 semen,
985 2208 1378 2293 prolongabit
1418 2209 1563 2283 dies,
1608 2217 1667 2270 et
1706 2231 1778 2271 vo
1805 2218 1987 2272 untas
2018 2208 2262 2272 Jehovae

528 2295 594 2354 in
621 2315 805 2355 manu
836 2291 965 2375 ejus
983 2292 1463 2373 prosperabitur.
1491 2291 1653 2352 Esai.
1673 2292 1776 2353 liii.
1799 2305 1892 2352 10.
1963 2292 2264 2374 Denique,

530 2377 848 2437 articulum
873 2374 1063 2449 Fidei,
1090 2398 1212 2456 quo
1239 2374 1573 2435 Ecclesiam
1604 2375 1923 2449 credimus,
1950 2374 2179 2436 evertit.

618 2541 738 2614 Qui
796 2539 1030 2614 docent,
1088 2547 1124 2575 “
1153 2538 1296 2599 Non
1354 2538 1536 2598 fuisse
1594 2538 1756 2599 hunc
1812 2541 1997 2600 finem
2053 2538 2265 2599 mortis

534 2629 570 2656 “
602 2621 848 2694 Christi,
877 2633 945 2681 ut
988 2643 1209 2680 novum
1247 2620 1448 2702 gratiae
1486 2619 1683 2681 foedus
1722 2642 1831 2680 suo
1859 2643 1964 2682 san
2053 2620 2150 2681 ine
2177 2642 2268 2681 re-

537 2710 574 2739 “
603 2705 733 2786 ipsa
761 2703 1031 2778 sanciret,
1060 2702 1162 2763 sed
1203 2714 1462 2775 tantum,
1491 2714 1559 2762 ut
1600 2702 1830 2763 nudum
1849 2703 1952 2783 jus
2065 2703 2140 2764 tri
2170 2724 2271 2765 ac·

536 2793 571 2822 “
601 2785 878 2867 quireret,
916 2785 1315 2867 quodcunque
1358 2783 1575 2859 foedus,
1604 2786 1695 2846 vel
1739 2786 1963 2867 gratioe,
1990 2785 2082 2846 vel
2123 2806 2269 2868 ope·

541 2877 576 2903 ‘⁶
607 2891 763 2943 rum,
791 2890 930 2929 cum
964 2867 1314 2928 hominibus
1343 2867 1541 2928 denuo
1571 2867 1864 2929 ineundi.”
1936 2868 2078 2930 Hoc
2103 2867 2268 2928 euim

542 2962 835 3034 repugnat
877 2950 1216 3033 Scripturae,
1285 2972 1375 3011 use
1420 2949 1612 3024 docet,
1641 2950 1952 3012 Christum
1988 2948 2272 3025 melioris,

544 3033 603 3093 id
642 3046 751 3108 est,
785 3033 922 3093 novi
993 3033 1204 3094 oederis
1232 2973 1586 3114 §pon-sorem
1620 3041 1677 3093 et
1709 3028 2276 3116 Mediataremfac-

544 3124 672 3177 tu'm
703 3138 844 3176 esse.
876 3115 912 3175 Ι
945 3117 1066 3176 ebr.
1096 3115 1194 3176 vii.
1225 3128 1321 3177 22.
1409 3115 1508 3189 Et,
1543 3116 1990 3177 Testamentum
2026 3116 2091 3177 in
2117 3136 2277 3178 mor-

545 3199 668 3259 tuis
697 3198 931 3259 demum
959 3206 1163 3259 ratum
1193 3220 1333 3259 esse.
1379 3198 1541 3258 Heb.
1572 3200 1651 3260 ix.
1681 3210 1774 3273 15,
1802 3211 1895 3273 17.
1934 3270 1937 3273 .

1352 3279 1472 3341 111.

632 3363 753 3432 Qui
785 3363 1021 3436 docent,
1054 3372 1088 3398 “
1119 3362 1429 3423 Christum
1461 3385 1566 3446 per
1594 3386 1761 3424 suam
1795 3362 2278 3434 satisfactionem,
2391 3406 2418 3429 .-

547 3454 584 3479 “
618 3445 793 3505 nullis
824 3458 984 3505 certo
1016 3445 1299 3506 meruisse
1329 3445 1517 3528 ipsam
1558 3446 1809 3507 salutem
1842 3459 1902 3506 et
1932 3445 2134 3514 fldem,
2158 3463 2277 3524 qua

550 3538 584 3561 “
622 3528 751 3587 haec
782 3527 1005 3588 Christi
1049 3528 1369 3589 satisfactio
1413 3527 1485 3588 ad
1530 3528 1781 3589 salutem
1827 3525 2141 3589 efficaciter
2175 3546 2279 3607 ap-

549 3616 583 3642 “
616 3610 885 3689 plicetur,
916 3609 1015 3670 scd
1050 3622 1283 3671 tantum
1319 3610 1473 3670 Patri
1515 3611 1891 3691 acquisivisse
1921 3618 2276 3691 potestatem
