2418 4172
637 344 1193 401 AUGUSTANA
1244 342 1498 398 MDXL.
1830 347 1931 403 171

190 502 402 556 eontra
443 490 892 560 conscientiam,
921 497 1228 550 versantur
1270 484 1331 546 in
1374 485 1634 568 peccatis
1680 487 1940 547 mortali-

192 574 326 648 bus,
352 595 463 633 nec
494 572 631 636 fidei
652 570 976 653 justitiam,
1003 591 1116 630 nec
1134 567 1434 648 justitiam
1466 567 1762 627 bonorum
1798 589 1939 649 ope-

187 677 329 720 rnm
367 655 647 719 retinent.
730 654 924 716 Juxta
964 650 1114 713 illud
1143 649 1336 723 Pauli,
1369 648 1498 714 Qui
1535 648 1693 711 talia
1728 658 1942 732 agunt,

191 758 455 822 regnum
485 738 617 800 Dei
641 756 762 798 non
780 733 1188 816 possidebam.

198 942 439 1044 ITEM
481 978 722 1053 docent,
748 976 910 1059 quod
950 873 1314 1038 uriinnsancta
1359 975 1612 1038 ecclesia
1635 992 1945 1072 ‘perpetuo

196 1084 477 1125 mansura
526 1061 619 1122 sit.
706 1060 819 1122 Est
869 1071 1069 1121 autem
1122 1058 1375 1121 ecclesia
1423 1059 1649 1122 Christi
1708 1083 1947 1143 proprie

195 1146 578 1229 congregatio
601 1145 1011 1206 membrorum
1033 1142 1282 1215 Christi,
1307 1142 1423 1204 hoc
1451 1154 1563 1217 est,
1585 1155 1948 1217 sanctorum,

194 1228 302 1311 qui
331 1250 468 1290 vere
495 1226 750 1289 credunt
778 1240 840 1287 et
866 1225 1158 1287 obediunt
1179 1225 1443 1301 Christo,
1467 1226 1579 1287 etsi
1605 1226 1668 1286 in
1691 1226 1807 1287 hac
1828 1226 1949 1286 vita

198 1310 344 1373 huic
373 1310 817 1392 congregationi
850 1308 1023 1369 multi
1057 1308 1198 1369 mali
1229 1319 1291 1368 et
1321 1308 1653 1391 hypocritae
1693 1308 1947 1370 admixti

200 1405 361 1468 sunt,
389 1415 579 1473 usque
609 1391 684 1453 ad
715 1392 1107 1452 novissimum
1137 1389 1470 1469 judicium:
1522 1392 1705 1453 habet
1747 1403 1949 1453 autem

200 1475 450 1538 eeclesia
478 1474 715 1556 proprie
743 1474 904 1535 dicta
933 1473 1103 1555 signa
1131 1495 1257 1547 sua,
1286 1473 1513 1534 scilicet
1540 1496 1753 1556 puram
1777 1487 1838 1535 et
1860 1496 1952 1535 sa-

199 1579 345 1622 mm
374 1579 523 1620 evan
603 1556 669 1618 lii
697 1555 1055 1630 doctrinam,
1076 1567 1141 1616 et
1157 1567 1388 1616 rectum
1414 1578 1589 1616 usum
1615 1578 1952 1617 sacramen-

199 1652 421 1702 torum.
501 1578 600 1700 ἐξ
637 1638 712 1699 ad
760 1659 960 1699 veram
1013 1638 1309 1698 unitatem
1353 1639 1618 1699 ecclesiae
1673 1639 1815 1699 satis
1861 1649 1952 1699 est

201 1720 535 1784 consentire
577 1719 654 1780 de
690 1719 962 1781 doctrina
1001 1718 1314 1800 evangelii,
1339 1731 1402 1780 et
1437 1719 1953 1781 administratione

202 1813 731 1867 sacramentorum.
816 1801 953 1862 Nec
1009 1823 1251 1862 necesse
1307 1813 1398 1862 est
1455 1802 1680 1883 ubique
1726 1803 1952 1863 similes

201 1909 331 1949 esse
358 1884 704 1948 traditiones
735 1885 1052 1958 humanas,
1074 1905 1180 1944 seu
1210 1884 1356 1944 ritus
1386 1886 1463 1945 ab
1492 1885 1842 1945 hominibus
1866 1885 1954 1946 in-

203 1969 464 2033 stitutos.
549 1967 723 2030 Sicut
749 1978 811 2028 et
838 1967 1061 2030 Paulus
1090 1965 1288 2041 docet,
1308 1989 1449 2028 cum
1480 1966 1583 2042 ait,
1622 1967 1796 2029 Unus
1821 1967 1952 2030 Do-

203 2052 423 2126 uu‘mu,
448 2070 572 2114 una
581 2049 765 2128 fides,
791 2071 980 2110 unum
1010 2049 1332 2130 baptisma,
1359 2072 1516 2111 unus
1542 2050 1723 2112 Deus
1745 2058 1804 2112 et
1825 2049 1955 2112 Pa-

205 2142 306 2196 ter
331 2134 614 2196 omnium.

992 2274 1174 2336 VIII.

208 2358 423 2442 CUM
477 2389 679 2440 autom
741 2377 802 2439 in
862 2377 977 2439 hac
1025 2377 1149 2439 vita
1204 2377 1459 2441 admixti
1514 2381 1637 2442 sint
1684 2382 1953 2445 eeclesiae

207 2461 385 2525 multi
428 2461 572 2523 mali
615 2472 679 2523 et
714 2460 1064 2543 hypocritoe,
1092 2461 1196 2542 qui
1231 2471 1434 2523 tamen
1466 2463 1810 2526 societatem
1846 2466 1956 2527 ha-

206 2545 356 2608 bent
394 2556 777 2607 externorum
821 2543 1131 2626 signorum
1179 2566 1319 2606 cum
1367 2546 1636 2621 ecclesia,
1679 2547 1821 2608 licet
1865 2549 1954 2609 uti

207 2627 593 2691 tommentis
648 2648 785 2708 quae
989 2627 1178 2688 malos
1235 2626 1744 2704 administrantur,
1778 2629 1955 2711 juxta

207 2730 420 2772 vocem
450 2709 701 2784 Christi,
727 2708 810 2771 Se
927 2718 954 2771 t
983 2710 1208 2773 Scribae
1244 2718 1307 2771 et
1335 2710 1638 2773 Pharisaei
1663 2714 1727 2773 in
1756 2714 1956 2774 cathe-

212 2791 329 2856 dra
364 2790 605 2874 Moysi,
629 2794 766 2854 ,δια
851 2793 936 2856 Et
989 2805 1360 2856 sacramenta
1415 2806 1477 2855 et
1530 2797 1779 2856 verbum
1833 2796 1953 2856 Dei

211 2885 455 2968 propter
474 2873 912 2938 ordinationem
943 2887 1006 2937 et
1033 2875 1381 2938 mandatum
1406 2877 1631 2937 Christi
1660 2889 1801 2938 sunt
1826 2878 1954 2939 effi-

212 2978 398 3031 cacia,
424 2956 666 3020 etiamsi
690 2980 796 3040 per
826 2959 1014 3020 malos
1041 2960 1457 3021 exhibeantur.

223 3097 226 3102 ,
293 3035 609 3102 Damnant
634 3039 984 3120 Donatistas
1019 3053 1082 3103 et
1123 3042 1365 3116 similes,
1393 3042 1496 3123 qui
1541 3043 1845 3124 negabant
1885 3043 1955 3104 li-

214 3143 357 3184 cere*
388 3121 736 3205 populanti
782 3123 1111 3186 ministerio
1147 3126 1441 3186 malorum
1486 3125 1549 3185 in
1591 3125 1858 3200 ecclesia,
1892 3137 1953 3187 et

214 3204 552 3268 sentiebant
589 3205 982 3268 ministerium
1017 3208 1314 3269 malorum
1349 3207 1563 3268 inutile
1587 3219 1648 3268 et
1679 3206 1953 3270 inefficax

214 3310 363 3348 esse.

1032 3410 1147 3473 IX.

215 3487 372 3602 DE
401 3492 702 3617 baptismo
728 3493 1160 3615 dooent,¹quod
1190 3510 1553 3597 necessarius
1580 3501 1660 3598 sit
1692 3536 1769 3599 ad
1795 3491 1959 3600 salii·

1687 3775 1720 3788 s
