2418 4172
630 367 1510 424 HEIDELBERGENSIS.
1833 370 1943 429 8⁷6

197 508 326 571 lum
399 530 686 593 ropensus
715 512 828 573 sim
854 524 900 586 ⁸,
925 511 1319 573 nihilominus
1349 521 1575 582 tamen,
1596 510 1779 572 modo
1809 511 1940 575 boec

196 530 489 653 beneficia
531 615 669 655 vera
710 594 897 655 animi
941 593 1161 655 fiducia
1203 592 1534 686 amplectar
1554 590 1601 664 ¹¹,
1644 593 1770 653 sine
1813 595 1939 655 ullo

195 694 337 735 meo
370 674 586 737 merito
602 673 638 748 ¹,
665 696 739 736 cx
781 697 945 737 mera
971 675 1090 738 Dei
1129 673 1531 736 misericordia
1548 672 1599 746 ¹⁸,
1626 673 1776 734 mihi
1808 697 1941 756 per-

194 754 355 818 fecta
381 755 706 819 satisfactio
724 757 739 797 ¹
756 757 994 837 justitia
1022 767 1084 817 et
1110 755 1394 817 sanctitas
1422 755 1651 815 Christi
1674 767 1713 795 ¹¹²
1745 756 1944 839 impu.

194 849 356 900 tetur
382 860 452 899 ac
479 838 736 899 donetur
752 850 799 910 ¹²,
826 838 1073 920 perinde
1100 859 1171 898 ac
1199 837 1247 897 si
1278 858 1393 897 nec
1423 837 1614 897 ullum
1646 837 1773 920 ipse
1801 861 1942 920 pec·

193 931 398 982 catum
444 918 837 993 admisissem,
871 941 980 981 nec
1022 919 1142 980 ulla
1187 918 1336 979 mihi
1382 919 1545 979 labes
1586 919 1938 982 inbaereret:

193 1000 320 1063 imo
373 1022 513 1063 vero
566 1001 736 1083 quasi
792 1023 927 1063 eam
983 1001 1413 1074 obedientiam,
1456 1023 1638 1082 quam
1688 1025 1799 1085 pro
1842 1025 1942 1065 me

191 1082 470 1145 Christus
498 1084 795 1167 praestitit,
824 1084 951 1168 ipse
980 1084 1243 1180 perfecte
1271 1084 1680 1166 praestitissem
1702 1096 1747 1147 ⁰.

275 1164 378 1228 61.
414 1165 547 1227 Gur
565 1164 852 1249 solafide
880 1174 940 1227 te
947 1175 1196 1249 justum
1225 1187 1354 1226 esse
1381 1164 1660 1250 affirmas
1679 1168 1719 1227 9

273 1246 421 1309 Non
495 1248 612 1310 uod
644 1249 936 1330 dignitate
966 1249 1106 1309 fidei
1136 1271 1285 1309 meae
1313 1248 1452 1309 Deo
1480 1249 1790 1331 placeam:
1835 1250 1941 1313 sed

189 1329 355 1412 quod
406 1352 473 1391 so
498 1352 532 1391 a
577 1331 923 1404 satisfactio,
958 1331 1196 1411 justitia
1251 1342 1313 1391 et
1359 1331 1643 1392 sanctitas
1692 1331 1945 1409 Christi,

192 1434 330 1474 mea
364 1410 605 1492 justitia
650 1413 726 1472 sit
776 1435 978 1475 coram
1021 1413 1245 1483 De01’3
1303 1435 1415 1495 ego
1457 1434 1598 1474 vero
1639 1436 1772 1475 eam
1817 1437 1940 1476 non

190 1493 310 1556 alia
349 1494 599 1570 ratione,
624 1516 807 1577 quam
852 1495 972 1557 fide
1013 1495 1318 1580 amplecti,
1345 1507 1409 1556 et
1451 1496 1602 1557 mihi
1642 1491 1943 1580 applicare

189 1597 411 1659 queam
431 1588 479 1638 ¹¹.

271 1657 375 1721 62.
411 1657 543 1719 Gur
576 1667 787 1721 nostra
826 1660 979 1721 bona
1015 1681 1201 1741 opera
1228 1682 1351 1722 non
1369 1670 1631 1742 possunt
1659 1662 1942 1745 essejus-

188 1739 349 1812 titia,
374 1739 479 1802 vel
492 1761 648 1821 pars
675 1741 765 1802 ali
899 1741 1162 1825 justitia
1190 1763 1395 1803 coram
1426 1743 1564 1803 Deo
1590 1745 1629 1803 Ρ

270 1822 591 1906 Propterea
629 1845 712 1905 qu
834 1835 1108 1907 oporteat
1153 1846 1286 1886 eam
1322 1824 1645 1904 justitiam,
1686 1847 1822 1907 quae
1870 1826 1934 1887 in

176 1903 412 1987 judicio
458 1904 579 1966 Dei
627 1906 933 1979 consistat,
979 1907 1243 1988 perfecte
1288 1907 1623 1968 absolutam
1676 1929 1826 1980 esse,
1873 1920 1936 1970 et

185 1987 356 2048 omni
406 2007 484 2048 ex
528 1998 699 2070 parte
739 1987 962 2048 divinae
1005 1989 1125 2070 legi
1168 2000 1672 2071 congruentem‘:
1729 2001 1935 2052 nostra

186 2089 330 2130 vero
381 2069 565 2129 etiam
620 2070 1110 2151 proestantissima
1163 2093 1418 2152 quaeque
1465 2093 1663 2153 opera,
1704 2072 1767 2133 in
1817 2074 1935 2135 hac

186 2150 313 2213 vita
366 2160 510 2212 sunt
563 2150 932 2233 imperfecta,
980 2163 1160 2234 atque
1214 2151 1364 2213 adeo
1416 2154 1679 2235 peccatis
1733 2154 1936 2237 inqui-

187 2244 330 2294 nata
345 2242 385 2293 ⁸.

271 2313 375 2376 63.
426 2314 736 2381 Quomodo
789 2316 943 2378 bona
992 2337 1178 2398 opera
1225 2324 1439 2377 nostra
1492 2317 1654 2378 nihil
1696 2339 1936 2400 prome·

186 2405 462 2471 reantur,
490 2418 626 2459 cum
656 2398 851 2476 Deus,
875 2407 934 2460 et
971 2399 1037 2460 in
1064 2399 1352 2480 praesenti
1380 2407 1439 2460 et
1465 2399 1778 2484 insutum
1803 2402 1935 2464 vita

185 2479 518 2542 mercedem
535 2501 655 2562 pro
682 2480 778 2541 his
801 2502 868 2542 se
896 2481 1186 2543 daturum
1206 2482 1535 2562 promittat
1558 2484 1597 2543 9

270 2561 513 2623 Merces
540 2584 611 2623 ea
640 2585 762 2623 non
791 2562 967 2624 datur
993 2586 1069 2624 ex
1100 2564 1334 2637 merite,
1363 2563 1468 2625 sed
1495 2586 1573 2625 ex
1601 2565 1790 2647 gratia
1806 2571 1843 2626 ἵ.

269 2642 371 2706 64.
411 2644 524 2705 An
566 2653 770 2706 autem
810 2644 934 2708 hac
974 2646 1251 2708 doctrina
1285 2668 1405 2708 non
1436 2647 1640 2709 reddit
1666 2648 1935 2710 homines

64 2811 70 2815 1
187 2745 436 2787 securos
465 2735 526 2788 et
544 2728 842 2810 profanos
858 2730 898 2788 9

271 2806 456 2868 Non:
498 2830 694 2890 neque
721 2811 882 2871 enim
913 2810 1042 2871 fieri
1071 2821 1291 2894 potest,
1313 2811 1461 2892 quin
1490 2812 1531 2872 ii
1562 2811 1665 2894 qui
1688 2812 1934 2873 Christo

189 2910 298 2971 per
322 2888 507 2951 fidem
535 2890 699 2953 insiti
727 2903 868 2954 sunt
894 2892 1123 2955 fructus
1150 2893 1534 2977 gratitudinis
1562 2895 1868 2977 proferant
1887 2906 1935 2956 ¹⁸.

255 3040 281 3074 ⁸
305 3032 452 3082 Rom.
469 3032 544 3082 rii.
566 3049 645 3097 23.
780 3034 805 3066 ¹⁸
829 3035 976 3085 Rom.
991 3035 1057 3086 iii.
1080 3052 1158 3087 22.
1214 3036 1327 3085 Joh.
1347 3035 1410 3085 iii.
1439 3038 1514 3087 18.
1653 3039 1664 3070 ὅ
1695 3038 1841 3088 Rom.
1866 3037 1933 3090 iii.

189 3098 473 3215 '24:³32ss
493 3101 556 3150 ει.
574 3101 622 3150 6.
673 3082 858 3217 gnae}
860 3119 1027 3218 ¹:11„
1049 3119 1130 3153 υ.
1191 3101 1377 3218 ”tna-12
1397 3102 1463 3180 iij.
1479 3117 1526 3167 5.
1587 3105 1714 3171 Eph.
1739 3105 1856 3221 1308,
1882 3121 1932 3170 9.

196 3247 272 3295 ¹9·
383 3202 430 3263 ⁰⁰
457 3183 618 3283 satior.
635 3251 679 3283 ν.
702 3185 782 3285 211.
830 3187 861 3219 ο
916 3187 988 3285 vui
1012 3186 1131 3286 ¹(Sor.
1151 3237 1183 3285 ἰ.
1202 3252 1285 3299 30,
1298 3185 1629 3298 3¹11)..e¹tvii:l⁰2.⁵·
1692 3188 1744 3280 2⁹
1776 3190 1932 3290 1301:-

190 3315 233 3346 v.
275 3315 348 3354 ιο,
390 3314 464 3348 ιι.
602 3308 617 3331 ¹
650 3302 758 3351 Gal.
793 3301 856 3350 iii.
898 3318 972 3352 ιο.
1029 3303 1175 3352 Deut.
1204 3302 1339 3351 xxvii.
1375 3304 1453 3352 26.
1590 3313 1606 3335 ⁸
1637 3306 1727 3354 1sa.
1752 3305 1858 3357 lxiv.
1882 3307 1932 3357 6.

191 3370 206 3398 ⁸
237 3365 358 3415 Imc.
382 3365 491 3416 xvii.
523 3383 596 3418 ιο.
734 3377 757 3400 “·
786 3369 933 3418 Matt.
956 3368 1032 3418 vii.
1065 3371 1138 3418 18.
1196 3370 1309 3418 Job.
1332 3386 1403 3418 xv.
1430 3383 1477 3433 5.

957 3720 1133 3782 nb4
1626 3772 1660 3786 f
