2418 4172
436 326 508 380 78
1060 325 1553 381 CONFESSIO

434 467 706 542 verbum,
732 489 872 529 cum
905 467 1283 531 invocatione
1309 470 1496 531 divini
1537 471 1819 544 nominis,
1846 484 1905 532 ct
1936 492 2182 532 renova-

435 549 599 611 tione
645 550 857 633 prirnae
907 550 1301 613 institutionis
1346 565 1408 613 et
1454 554 1965 628 sanctificationis,
2010 555 2181 637 signa

434 632 548 694 ista
591 645 1032 709 consecrantur,
1061 646 1122 695 et
1161 635 1530 697 sanctificata
1570 659 1604 698 a
1633 636 1879 697 Christo
1917 658 2048 698 esse
2086 659 2182 699 os-

431 714 780 777 tenduntur.
868 717 1084 778 Manet
1111 718 1274 779 enim
1308 741 1547 802 semper
1573 719 1783 780 efficax
1824 720 1885 780 in
1929 720 2182 781 ecclesia

431 797 551 860 Dei
596 800 793 882 prima
837 799 1063 861 Christi
1109 801 1428 875 instituti0,
1473 816 1534 863 et
1579 802 1947 863 consecratio
1992 823 2184 863 sacra-

434 894 798 956 mentorum,
828 882 976 943 adeo
1015 894 1083 944 ut
1125 884 1228 964 qui
1274 906 1394 944 non
1440 885 1611 945 aliter
1646 886 1948 946 celebrent
1990 906 2183 947 sacra-

433 977 661 1037 menta,
689 986 872 1059 quam
919 966 1047 1048 ipse
1086 965 1391 1027 Dominus
1432 968 1507 1027 ab
1538 968 1712 1028 initio
1749 967 2031 1042 instituit,
2060 967 2183 1028 fru-

432 1060 610 1108 antur
635 1062 818 1108 etiam
851 1070 1013 1109 nunc
1096 1048 1246 1108 rima
1283 1049 1386 1109 illa
1426 1051 1873 1112 consecratione
1902 1051 2178 1112 omnium

430 1129 940 1212 praestantissima.
1085 1142 1112 1190 t
1148 1130 1285 1191 ideo
1324 1132 1648 1193 recitantur
1679 1133 1737 1194 in
1781 1134 2181 1195 celebratione

431 1223 942 1274 sacramentorum
1004 1211 1131 1294 ipsa
1188 1213 1367 1273 verba
1418 1213 1664 1275 Christi.
1750 1215 1835 1276 Et
1890 1216 2179 1297 quoniam

430 1294 612 1355 verbo
642 1294 761 1355 Dei
792 1293 1100 1367 discimus,
1131 1294 1294 1374 quod
1325 1295 1495 1376 signa
1526 1296 1655 1357 hoec
1683 1297 1743 1357 in
1776 1297 1959 1358 alium
1993 1300 2179 1360 finem

430 1376 551 1436 sint
596 1376 871 1437 instituta
917 1399 951 1436 a
1001 1376 1295 1451 Domino,
1345 1398 1526 1457 quam
1578 1390 1942 1462 usurpentur
1982 1380 2184 1464 vulgo,

431 1457 566 1519 ideo
594 1458 882 1519 docemus
912 1458 1083 1541 signa
1110 1481 1272 1520 nunc
1313 1459 1371 1520 in
1411 1482 1524 1521 usu
1564 1483 1748 1535 sacro,
1778 1484 2062 1546 usurpare
2093 1485 2185 1525 re·

429 1562 559 1602 rum
622 1541 991 1623 signatarum
1049 1543 1356 1618 vocabula,
1412 1566 1524 1605 nec
1580 1545 1861 1688 appellari
1921 1546 2183 1629 amplius

430 1646 651 1706 aquam
683 1635 938 1698 tantum,
967 1647 1186 1707 panem
1228 1638 1289 1687 et
1317 1626 1549 1700 vinum,
1578 1650 1605 1687 s
1721 1628 1901 1689 etiam
1939 1650 2183 1711 regene-

428 1706 721 1767 rationem
754 1708 844 1768 vel
889 1707 1187 1768 lavacrum
1234 1709 1654 1784 renovationis,
1685 1710 1827 1772 item
1869 1732 2086 1795 corpus
2120 1723 2183 1773 et

429 1789 782 1871 sanguinem
842 1789 1119 1864 Domini,
1166 1791 1259 1851 vel
1320 1793 1595 1874 symbola
1652 1805 1755 1854 aut
1811 1806 2183 1856 sacramenta

429 1872 691 1955 corporis
730 1883 790 1932 et
820 1873 1126 1955 sanguinis
1156 1872 1428 1935 Domini.
1516 1874 1660 1935 Non
1701 1876 1864 1957 quod
1901 1878 2183 1972 symbola

430 1965 741 2016 mutentur
768 1954 829 2015 in
853 1977 943 2015 res
974 1955 1359 2037 significatas,
1378 1968 1441 2017 et
1460 1956 1739 2019 desinant
1766 1981 1896 2020 esse
1926 1958 1988 2021 nd
2015 1960 2179 2042 quod

429 2050 571 2099 sunt
604 2060 711 2099 sua
750 2049 996 2109 natura;
1043 2038 1264 2119 alioqui
1310 2039 1475 2099 enim
1520 2054 1892 2102 sacramenta
1930 2063 2053 2103 non
2091 2065 2183 2104 es-

429 2132 582 2195 sent,
612 2143 747 2201 quae
790 2143 852 2181 re
896 2121 1231 2202 significata
1273 2121 1569 2183 duntaxat
1611 2135 1974 2199 constarent,
2010 2124 2182 2220 signa

427 2225 549 2263 non
578 2213 808 2263 essent:
854 2202 956 2263 sed
990 2202 1126 2263 ideo
1157 2216 1448 2287 usurpant
1487 2205 1656 2286 signa
1686 2229 1882 2268 rerum
1915 2229 2183 2283 nomina,

427 2285 588 2366 quod
612 2308 807 2347 rerum
834 2308 1130 2347 sacrarum
1164 2298 1304 2347 sunt
1332 2288 1606 2369 symbola
1638 2290 1910 2371 mystica,
1927 2302 1989 2351 et
2010 2290 2181 2374 signa

428 2380 489 2428 et
539 2391 629 2428 res
676 2369 1026 2451 significatae
1075 2369 1230 2429 inter
1272 2392 1335 2429 se
1385 2372 1891 2433 sacramentaliter
1930 2374 2182 2454 conjun-

428 2462 663 2532 gantur,
693 2451 1136 2533 conjungantur
1165 2451 1432 2532 inquam,
1461 2453 1555 2512 vel
1599 2454 1880 2515 uniantur
1921 2478 2027 2539 per
2062 2456 2181 2539 sig-

429 2531 834 2594 nificationem
874 2533 1213 2615 mysticam,
1243 2546 1306 2595 et
1333 2535 1704 2598 voluntatem
1738 2538 1827 2598 vel
1861 2539 2175 2601 consilium

427 2614 575 2695 eJus,
604 2616 706 2696 qui
739 2629 1109 2677 sacramenta
1140 2617 1417 2678 instituit.
1505 2618 1648 2680 Non
1679 2620 1840 2680 enim
1874 2642 2047 2703 aqua,
2075 2645 2180 2705 pa-

427 2697 520 2758 nis
549 2709 611 2759 et
640 2698 870 2772 vinum,
900 2710 1040 2760 sunt
1069 2699 1239 2793 signa
1262 2701 1547 2782 vulgaria,
1578 2702 1680 2763 sed
1713 2725 1894 2764 sacra.
1959 2703 2044 2766 Et
2072 2706 2176 2800 qui

430 2780 687 2842 instituit
716 2803 932 2862 aquam
956 2781 1048 2843 Ba
1098 2782 1279 2857 tismi,
1309 2806 1429 2844 non
1466 2807 1535 2845 ea
1567 2786 1875 2847 voluntate
1902 2788 2180 2849 consilio—

473 2884 547 2924 ue
576 2863 856 2938 instituit,
888 2875 953 2925 ut
983 2866 1020 2925 fl
1067 2865 1187 2925 eles
1220 2888 1374 2948 aqua
1406 2864 1701 2929 duntaxat
1733 2870 2015 2952 baptismi
2047 2893 2180 2954 per·

427 2884 787 3008 andantur:
830 2958 892 3008 et
934 2947 1037 3029 qui
1072 2946 1256 3028 jussit
1296 2949 1355 3009 in
1394 2951 1588 3011 Coena
1632 2974 1851 3033 panem
1895 2952 2090 3028 edere,
2116 2966 2179 3015 et

425 3027 632 3090 vinum
681 3029 904 3105 bibere,
935 3053 1053 3091 non
1101 3031 1215 3093 boc
1245 3032 1453 3103 voluit,
1492 3046 1558 3094 ut
1604 3034 1808 3095 fideles
1850 3057 2072 3129 panem
2116 3051 2176 3098 et

425 3111 632 3174 vinum
663 3124 900 3175 tantum
931 3113 1284 3197 percipiant,
1314 3115 1441 3177 sine
1483 3118 1787 3199 mysterio,
1817 3131 1973 3180 sicut
2009 3119 2175 3182 domi

427 3216 551 3257 suae
581 3217 797 3279 panem
832 3195 1219 3271 manducant,
1250 3197 1351 3260 sed
1394 3211 1461 3260 ut
1498 3201 1674 3261 rebus
1713 3222 1956 3282 quoque
1994 3203 2041 3263 si
2131 3203 2180 3263 i·

429 3279 616 3338 ficatis
656 3278 1042 3362 spiritualiter
1080 3282 1549 3357 communicent,
1577 3295 1638 3343 et
1667 3306 1802 3345 vere
1841 3306 1948 3367 per
1991 3225 2173 3346 figenm

426 3360 744 3422 abluantur
773 3386 806 3423 a
834 3363 1117 3446 peccatis,
1144 3376 1206 3426 et
1234 3364 1481 3427 Christo
1511 3366 1888 3451 participent.

512 3442 745 3504 Idcirco
784 3446 1035 3507 minime
1081 3448 1406 3530 probamus
1446 3471 1568 3524 eos,
1609 3450 1713 3532 qui
1755 3448 2175 3511 sanctificatio-

427 3545 562 3584 nem
612 3542 1115 3590 sacramentorum
1158 3531 1494 3593 attribuunt
1535 3532 1736 3593 nescio
1774 3531 1993 3611 quibus
2030 3530 2173 3593 clia-

426 3606 768 3676 racteribm,
805 3622 862 3669 et
910 3612 1262 3685 recitationi,
1291 3614 1382 3674 vel
1427 3613 1628 3674 virtuti
1675 3613 1989 3674 verborum
2036 3636 2172 3697 pro-
