2418 4172
448 316 555 368 144
1076 309 1240 365 coN
1260 308 1568 364 FESSIO

447 454 749 519 utiliorem
795 451 1129 515 doctrinam
1178 450 1256 513 de
1302 450 1442 527 fide,
1477 449 1554 511 de
1603 470 1800 523 cruce,
1831 446 1911 510 de
1956 468 2085 531 spe,
2117 444 2196 509 de

447 538 741 623 dignitate
779 535 1046 598 civilium
1082 556 1302 610 rerum,
1329 534 1407 596 de
1440 531 1850 595 consolatione
1886 531 2197 593 conscien-

446 622 667 685 tiarum
714 620 775 681 in
820 618 1017 680 arduis
1061 617 1511 680 tentationibus.
1595 614 1811 695 Itaque
1855 612 2088 675 Gerson
2133 622 2199 673 et

449 704 550 767 alii
581 702 827 785 quidam
855 700 1123 795 theologi
1152 700 1408 782 graviter
1435 697 1631 780 questi
1655 710 1814 770 sunt,
1835 717 1900 756 se
1928 694 2023 756 bis
2051 694 2197 757 rixis

448 786 839 849 traditionum
873 783 1172 867 impediri,
1200 805 1322 864 quo
1362 782 1561 843 minus
1600 779 1816 841 versari
1857 788 2104 861 possent
2134 776 2199 838 in

449 869 699 932 meliore
728 888 943 950 genere
970 865 1275 927 doctrinae.
1345 864 1430 926 Et
1457 863 1834 947 Augustinus
1863 870 2028 921 vetat
2056 880 2203 921 one-

450 974 579 1014 rare
607 949 1000 1013 conscientias
1031 946 1378 1028 hujusmodi
1407 945 1942 1018 observationibus,
1969 955 2032 1004 et
2059 963 2204 1026 pru-

450 1034 662 1096 denter
700 1032 985 1094 admonet
1019 1029 1400 1102 Januarium,
1429 1040 1499 1090 ut
1541 1029 1690 1090 sciat
1727 1050 1826 1088 eas
1863 1025 2203 1087 indifferen-

449 1129 543 1179 ter
569 1113 968 1177 observandas
997 1134 1164 1183 esse;
1209 1111 1295 1171 sic
1321 1112 1485 1172 enim
1517 1110 1803 1192 loquitur.

536 1200 740 1268 Quare
780 1195 966 1255 nostri
1010 1216 1130 1255 non
1169 1193 1395 1254 debent
1430 1191 1617 1254 videri
1658 1192 1816 1254 hanc
1843 1212 2085 1253 causam
2116 1201 2206 1252 te-

451 1303 617 1342 mere
663 1278 951 1359 attigisse,
996 1288 1102 1355 aut
1152 1274 1292 1335 odio
1346 1275 1792 1357 episcoporum,
1837 1285 1908 1334 ut
1955 1271 2202 1367 quidam

451 1363 604 1424 falso
632 1361 1032 1443 suspicantur.
1120 1357 1353 1440 Magna
1381 1357 1703 1418 necessitas
1730 1353 1849 1417 fuit
1874 1353 1951 1415 de
1979 1353 2210 1416 illiser-

454 1445 706 1519 roribus,
735 1443 839 1524 qui
884 1442 1009 1502 nati
1053 1451 1221 1501 erant
1262 1462 1340 1501 ex
1383 1438 1801 1501 traditionibus
1839 1437 1998 1499 male
2030 1436 2209 1499 intel·

452 1527 644 1598 lectis,
675 1525 996 1587 admonere
1038 1523 1336 1585 ecclesias.
1422 1523 1590 1584 Nam
1626 1520 2006 1603 evangelium
2044 1519 2210 1602 cogit

455 1632 667 1693 urgere
709 1608 1040 1670 doctrinam
1088 1608 1147 1667 in
1193 1606 1461 1667 ecclesiis
1511 1606 1587 1666 de
1634 1605 1824 1687 gratia
1871 1614 1936 1664 et
1971 1601 2210 1683 justitia

455 1693 618 1768 fidei,
647 1713 782 1774 quae
820 1703 1023 1751 tamen
1064 1689 1317 1770 intelligi
1358 1711 1481 1750 non
1520 1698 1737 1771 potest,
1765 1687 1814 1746 si
1848 1695 2067 1769 putent
2100 1684 2211 1747 ho-

455 1775 650 1839 nines
680 1797 743 1835 se
771 1773 984 1835 mereri
1021 1772 1275 1854 gratiam
1318 1794 1426 1854 per
1461 1769 1903 1832 observationes
1946 1768 2024 1830 ab
2062 1767 2208 1852 ipsis

457 1859 698 1921 electas.
1170 1911 1174 1918 .

542 1942 645 2003 Sic
674 1941 858 2023 igitur
885 1940 1238 2014 docuerunt,
1260 1937 1422 2020 quod
1452 1960 1560 2021 per
1586 1936 2066 1999 observationem
2093 1944 2212 1996 tra-

458 2025 759 2086 ditionum
793 2024 1195 2084 humanarum
1224 2044 1347 2082 non
1378 2020 1676 2103 possimus
1700 2019 1951 2102 gratiam
1977 2017 2212 2093 mereri,

459 2120 564 2170 aut
593 2106 932 2187 justificari,
961 2128 1144 2186 quare
1186 2126 1308 2166 non
1348 2115 1440 2164 est
1474 2102 1876 2175 sentiendum,
1904 2098 2068 2183 quod
2099 2099 2215 2162 hu-

449 2188 722 2271 jusmodi
753 2188 1197 2250 observationes
1227 2187 1348 2247 sint
1373 2186 1737 2248 necessarius
1766 2184 1986 2246 cultus.

545 2271 800 2333 Addunt
833 2270 1182 2333 testimonia
1216 2291 1292 2331 ex
1322 2270 1648 2352 Scriptura,
1677 2268 1958 2330 Christus
1983 2266 2212 2330 Matth.

460 2377 558 2416 xv.
589 2365 838 2416 excusat
876 2354 1197 2437 apostolos,
1226 2352 1330 2433 qui
1360 2374 1480 2412 non
1514 2362 1889 2412 servaverant
1928 2350 2210 2412 usitatam

460 2437 867 2512 traditionem,
894 2458 1030 2517 quoe
1071 2448 1272 2495 tamen
1312 2433 1627 2495 videbatur
1653 2433 1728 2494 dc
1758 2456 1821 2494 re
1850 2454 1970 2494 non
2007 2431 2215 2494 illicita

462 2518 568 2581 sed
609 2519 810 2580 media
848 2541 996 2591 esse,
1025 2529 1087 2579 et
1117 2517 1338 2579 habere
1365 2517 1786 2598 cognationem
1818 2537 1960 2578 cum
1992 2515 2067 2576 ba
2110 2514 2217 2575 tis-

465 2601 729 2664 matibus
759 2601 928 2683 legis,
956 2612 1018 2661 et
1045 2600 1191 2661 dicit
1215 2623 1230 2660 z
1276 2599 1536 2660 Frustra
1565 2599 1767 2661 colunt
1794 2537 2217 2661 memma&

465 2684 789 2746 hominum.
874 2683 905 2744 1
955 2683 1074 2744 itur
1100 2705 1219 2743 non
1250 2682 1440 2765 exigit
1476 2682 1706 2743 cultum
1748 2681 2046 2743 inutilem.
2127 2678 2215 2743 Et

463 2766 645 2850 paulo
684 2779 823 2850 post
859 2789 893 2827 a
936 2765 1064 2826 dit:
1119 2766 1313 2827 Omne
1393 2765 1516 2826 uod
1548 2766 1745 2827 intrat
1771 2766 1837 2827 in
1863 2786 1948 2838 os,
1974 2785 2099 2827 non
2121 2763 2219 2826 in-

464 2850 679 2933 quinat
734 2849 1048 2911 hominem.
1136 2848 1295 2910 Item
1352 2788 1536 2909 ἵζου).
1584 2848 1704 2909 xiv.
1749 2847 2034 2932 Regnum
2085 2846 2220 2909 Dei

463 2954 584 2994 non
629 2940 718 2994 est
762 2953 899 2995 esca
942 2939 1054 2993 aut
1085 2940 1288 3014 potus·
1374 2931 1607 2992 Coloss.
1643 2931 1703 2992 ii.
1746 2930 1946 2994 Nemo
1972 2929 2219 3015 judicet

465 3037 569 3078 vos
610 3015 676 3077 in
721 3015 867 3089 cibo,
888 3023 1059 3097 potu,
1086 3015 1336 3077 sabbato
1379 3023 1489 3076 aut
1531 3015 1629 3076 die
1646 3014 1849 3098 sesto.
1934 3014 2113 3089 Item,
2144 3011 2220 3075 Sa·

464 3098 696 3161 mortui
724 3099 869 3161 estis
896 3120 1030 3159 cum
1059 3097 1322 3173 Christe,
1346 3098 1422 3158 ab
1445 3096 1758 3159 elementis
1780 3096 2009 3173 mundi,

470 3190 761 3264 tanquam
785 3182 1051 3245 viventes
1079 3182 1145 3243 in
1173 3180 1396 3244 mundo
1417 3180 1661 3243 decreta
1658 3179 1896 3265 facitis
1921 3181 1961 3242 Ρ
2069 3184 2218 3242 eat·

467 3265 694 3347 tingas,
723 3286 801 3327 ne
819 3272 1055 3349 gustes,
1083 3286 1161 3326 ne
1197 3272 1543 3326 contrectes.
1614 3266 1818 3326 Actor.
1848 3284 1947 3326 xv.
1985 3262 2072 3325 ait
2105 3258 2218 3323 Po-

468 3358 630 3408 trus:
680 3348 893 3414 Quare
931 3348 1184 3410 tentatis
1212 3347 1438 3423 Deum,
1464 3346 2080 3431 imponentes-jugan
2112 3363 2217 3404 su-

460 3450 579 3509 per
605 3431 865 3493 cervices
893 3429 1347 3513 discipulorum,
1370 3431 1531 3515 quod
1554 3451 1748 3515 neque
1770 3449 1880 3491 not
1898 3446 2091 3524 neque

469 3518 592 3606 tres
607 3514 839 3611 ‘nostri‘
855 3523 1114 3595 portare
1149 3514 1615 3612 mtqim’f‘d
1635 3533 1755 3597 per
1777 3515 2057 3607 grahan
2264 3547 2270 3552 ·

468 3612 619 3654 mim
645 3603 837 3657 nosen
864 3596 1023 3658 Jesu
1058 3596 1291 3658 Cha-stt
1320 3596 1622 3658 credimus
1655 3592 1910 3668 salvan,
1936 3592 2219 3677 quemad-
