2418 4172
801 345 1335 399 HELVETICA.
1829 347 1932 402 109

188 488 553 577 pradicatio,
570 488 927 568 juventutis,
956 487 1177 548 civium
1209 499 1269 547 et
1298 485 1637 546 scholarum
1679 500 1837 548 recta
1875 502 1937 550 et

189 571 398 637 sedula
439 570 714 633 instituta
754 568 1071 652 disciplina
1104 568 1291 648 justa,
1333 565 1592 628 liberalis
1639 567 1938 631 ministro-

189 677 325 718 rum
356 654 622 716 ecclesiae
650 672 981 735 pauperum
1032 673 1105 712 ue
1135 649 1387 711 sollicita
1416 670 1558 710 cura
1589 649 1790 723 habet,
1817 671 1940 730 quo

190 758 404 799 omnes
432 734 846 799 ecclesiasticae
875 733 1009 795 facu
1036 745 1189 794 tates
1219 742 1510 815 spectant.
1582 731 1823 792 Deinde
1851 755 1942 793 se-

192 818 460 883 cundum
505 817 667 901 leges
704 838 905 898 oequas
943 815 1294 896 divinasque
1321 813 1594 895 judicare
1628 815 1943 896 populum,

182 900 486 985 judicium
530 912 591 961 et
622 899 921 980 justitiam
954 898 1127 973 tueri,
1155 897 1349 959 colere
1378 918 1586 980 pacem
1620 897 1945 978 publicam,

192 1005 384 1067 remp.
422 982 642 1056 fovere,
671 993 733 1043 et
776 993 977 1042 sontes
1019 1002 1129 1063 pro
1171 979 1373 1041 delicti
1418 978 1645 1039 ratione
1691 979 1944 1040 multare

194 1066 432 1151 opibus,
467 1086 735 1148 corpore,
770 1064 910 1139 vita,
942 1085 1078 1144 quoe
1121 1084 1261 1124 cum
1306 1058 1450 1123 facit
1490 1060 1764 1123 debitum
1809 1062 1946 1123 Deo

196 1148 428 1212 cultum
472 1157 731 1231 praestat.
820 1146 987 1207 Huic
1028 1168 1137 1207 nos
1178 1145 1413 1206 etiamsi
1449 1144 1619 1204 liberi
1649 1147 1857 1217 simus,
1886 1157 1948 1205 et

196 1253 272 1294 co
382 1252 446 1291 re
492 1241 556 1292 et
602 1229 988 1291 facultatibus
1037 1228 1320 1289 omnibus
1369 1226 1604 1301 nostris,
1651 1238 1714 1287 et
1762 1227 1947 1287 animi

198 1325 298 1375 stu
342 1313 420 1388 io,
445 1334 584 1373 vera
618 1333 755 1373 cum
790 1310 929 1385 fide,
956 1322 1161 1372 sancte
1189 1309 1594 1391 subjiciendos
1623 1331 1772 1382 esse,
1801 1309 1949 1371 fide-

199 1394 433 1457 litatem
475 1416 546 1456 ac
589 1405 1027 1455 sacramentum
1069 1404 1366 1477 praestare,
1393 1392 1741 1474 quantisper
1770 1391 1948 1471 hujus

200 1477 454 1561 imperia
481 1497 621 1538 cum
652 1498 744 1550 eo,
772 1487 1017 1570 propter
1042 1497 1225 1557 quem
1257 1475 1422 1536 bunc
1458 1495 1815 1547 reveremur,
1842 1494 1948 1556 pa-

202 1560 324 1622 lam
354 1579 477 1619 non
551 1580 588 1618 u
677 1570 800 1632 ant,
827 1579 1069 1619 scimus.

283 1580 563 1704 xxvlf.
645 1639 960 1732 onjugium
990 1639 1275 1700 omnibus
1313 1638 1661 1699 hominibus
1697 1637 1852 1719 aptis
1890 1647 1953 1698 et

201 1722 324 1786 alio
350 1744 474 1784 non
501 1720 728 1783 vocatis
756 1720 1044 1782 dlvinitus
1072 1720 1439 1794 institutum,
1467 1718 1688 1780 nullius
1727 1717 1951 1779 ordinis

202 1803 616 1868 sanctimonioe
657 1824 989 1886 repugnare
1029 1824 1362 1864 censemus.
1449 1800 1631 1871 Quod
1665 1812 1734 1862 ut
1761 1802 1955 1862 eccle·

203 1886 295 1951 sia
335 1885 673 1949 hortatione
715 1886 967 1960 solenni,
989 1885 1472 1968 ,precationeque
1517 1884 1839 1966 inaugurat
1885 1905 1955 1944 ac

204 1970 435 2032 sancit:
478 1968 564 2030 ita
602 1969 986 2051 magistratus
1025 1969 1289 2042 interest,
1319 1979 1387 2029 ut
1422 1966 1605 2050 digne
1633 1982 1695 2027 et
1722 1966 1957 2027 ineatur

206 2063 270 2115 et
294 2052 546 2125 colatur,
566 2072 679 2112 nec
707 2050 823 2112 nisi
841 2051 1009 2131 justa
1035 2050 1111 2112 de
1141 2072 1321 2112 causa
1348 2050 1629 2112 solvatur.
1699 2048 1956 2110 Proinde

206 2134 563 2198 coelibatum
606 2132 791 2194 istum
836 2132 1257 2207 monasticum,
1285 2144 1348 2195 et
1388 2144 1586 2195 totum
1630 2132 1748 2192 hoc
1791 2132 1959 2213 igna-

206 2238 352 2279 vum
393 2216 532 2279 vitoe
567 2237 779 2299 genus,
805 2215 1350 2299 superstitiosorum
1378 2215 1698 2277 hominum
1728 2215 1961 2276 abomi-

210 2298 412 2362 nabile
437 2309 875 2372 commentum,
895 2298 1102 2380 procul
1132 2298 1456 2379 rejicimus,
1482 2319 1655 2380 aeque
1682 2308 1744 2359 et
1771 2298 1960 2359 eccle·

210 2380 315 2445 οἰκ
339 2391 404 2444 et
430 2379 774 2463 reipublicae
801 2402 1159 2463 repugnans.
