2418 4172
492 321 603 373 242
1122 317 1627 372 PRAEFATIO.

493 460 602 544 ligi
643 459 1031 523 manifestum
1075 473 1185 521 est.
1269 460 1366 520 Ita
1396 461 1679 533 tenebrae,
1708 459 1886 535 idola,
1912 460 2248 543 discipline

498 544 724 606 laxatio
752 555 1139 626 pervaserunt
1168 543 1230 604 in
1260 543 1573 604 ecclesiam
1606 542 1904 626 episcopis
1932 566 1973 604 n
2051 544 2248 626 ligen-

499 627 663 689 tibus
709 627 799 688 sui
844 626 1108 687 muneris
1153 626 1367 687 officia.
1454 626 1640 686 Nunc
1681 627 1873 708 magis
1909 648 1985 686 ne
2052 627 2248 709 'gunt‚

500 731 684 791 quam
737 722 944 770 antea:
989 722 1050 769 et
1102 708 1333 770 addunt
1382 708 1763 792 tyrannidem
1816 707 2095 770 adversus
2141 709 2251 769 ho-

500 793 694 854 mines
726 792 1089 866 innocentes,
1112 805 1178 852 ut
1208 792 1365 852 idola
1395 805 1455 852 ct
1485 792 1700 875 impias
1732 793 1892 874 leges
1922 790 2250 852 stabiliant.

582 876 698 936 Est
741 887 802 935 et
850 876 1131 935 omnibus
1173 875 1366 935 doctis
1412 887 1556 935 nota
1597 875 1830 936 vanitas
1873 873 2251 935 constitutio-

499 980 647 1019 num
688 970 750 1018 et
783 957 1158 1039 opinionum,
1185 980 1322 1038 quae
1352 958 1624 1018 tribuunt
1655 959 1935 1019 Romano
1964 957 2250 1040 episcopo

499 1041 683 1101 etiam
741 1038 1164 1100 authoritatem
1226 1062 1287 1100 re
1332 1040 1484 1100 iam:
1545 1062 1664 1121 qua
1719 1041 2004 1123 opinione
2060 1038 2249 1101 inflati

498 1124 835 1206 pontifices,
864 1143 1020 1203 saepe
1051 1143 1271 1203 magna
1377 1123 1456 1182 lla
1486 1123 1906 1184 accenderunt.
1963 1122 2109 1184 Non
2140 1122 2252 1204 igi-

498 1216 598 1266 tur
627 1203 799 1264 nobis
829 1203 1009 1283 objici
1041 1215 1259 1286 potest,
1280 1226 1389 1264 nos
1418 1204 1570 1264 falso
1599 1206 1767 1285 queri
1789 1205 1866 1265 de
1894 1205 2252 1267 ecclesiasti-

499 1308 570 1348 ca
600 1285 1054 1369 gubernatione,
1082 1298 1143 1346 et
1180 1285 1458 1346 seditiose
1497 1285 1791 1347 adversari
1836 1286 2252 1368 gubernatori·

499 1370 632 1443 bus,
662 1369 792 1429 sine
825 1368 1007 1448 justis
1051 1368 1282 1429 causis:
1328 1391 1399 1430 ac
1441 1391 1552 1429 nos
1596 1369 1799 1452 potius
1838 1391 2030 1430 serere
2068 1389 2255 1431 novas

499 1475 569 1513 ac
598 1451 961 1535 perniciosas
990 1452 1322 1535 opiniones,
1410 1451 1599 1513 Multi
1641 1452 1802 1513 enim
1844 1452 1981 1513 tetri
2010 1474 2254 1526 errores,

498 1546 560 1596 et
610 1534 786 1595 multi
834 1536 1054 1595 abusus
1108 1534 1258 1595 adeo
1308 1534 1611 1596 manifesti
1654 1546 1815 1610 sunt,
1858 1547 1927 1596 ut
1966 1534 2255 1597 facillime

499 1618 743 1712 agnosci
775 1628 835 1677 et
853 1616 1114 1697 judicari
1145 1619 1222 1678 ab
1251 1618 1536 1678 omnibus
1565 1618 1879 1679 communi
1902 1640 2079 1680 sensu
2101 1640 2257 1702 prae-

500 1699 642 1761 d1tis
672 1699 922 1783 possint.
1008 1700 1083 1761 In
1113 1700 1334 1761 talibus
1364 1722 1505 1761 cum
1535 1701 1755 1783 regulae
1784 1701 2086 1763 servande
2115 1701 2254 1772 sint,

506 1781 656 1844 Non
698 1783 942 1844 habebis
984 1782 1123 1844 deos
1165 1782 1432 1844 alienos.-
1479 1784 1646 1859 item,
1684 1783 1751 1843 B
1887 1783 2088 1846 hemia
2118 1784 2257 1866 Spa·-

502 1867 668 1927 ritus
708 1888 828 1927 non
868 1866 1246 1928 remittitur.-
1290 1867 1462 1941 item,
1493 1866 1565 1927 Si
1607 1867 1744 1949 quis
1848 1867 1959 1928 iud
1997 1888 2255 1951 evange-

505 1948 654 2011 lium
683 1949 872 2022 docet,
901 1949 1226 2010 anathema
1254 1950 1336 2009 sit
1355 1973 1376 2009 .·
1415 1970 1657 2009 necesse
1684 1959 1777 2010 est
1803 1972 1914 2010 nos
1941 1949 2256 2011 dissentire

503 2034 581 2093 ab
632 2032 703 2092 iis
755 2032 858 2112 qui
910 2031 1223 2092 mendacia
1267 2042 1330 2091 et
1371 2030 1530 2091 idola
1573 2031 1909 2106 stabiliunt,
1944 2043 2007 2093 et
2047 2054 2256 2094 sonare

502 2125 768 2175 nostram
829 2114 1300 2175 confessionem:
1350 2135 1470 2195 qua
1520 2114 1582 2174 in
1639 2137 1702 2175 re
1753 2127 1815 2176 et
1863 2115 2021 2176 intra
2057 2114 2256 2196 juntas

506 2209 697 2258 metas
755 2197 1107 2259 mansimus,
1194 2196 1483 2258 Fideliter
1531 2197 1869 2259 universam
1919 2197 2253 2260 doctrinam

501 2280 814 2355 Ecclesiae,
848 2280 1151 2361 inquisitis
1191 2279 1480 2355 fontibus,
1506 2280 1882 2355 tradidimus,
1911 2293 1975 2342 et
2014 2292 2254 2344 tantum

499 2362 776 2425 docendo
803 2385 935 2424 eam
970 2363 1452 2446 propagavimus.
1537 2363 1681 2424 Non
1719 2363 1947 2424 fuimus
1975 2365 2137 2426 tube
2165 2386 2257 2425 se-

500 2445 843 2507 ditionum:
887 2446 1012 2506 imo
1054 2446 1291 2529 scriptis
1328 2445 1586 2506 Lutheri
1632 2447 1824 2526 magis
1864 2446 2158 2508 illustrata
2194 2455 2258 2508 et

500 2540 711 2589 ornata
741 2539 833 2588 est
861 2528 1108 2610 politica
1136 2540 1423 2611 potestas,
1451 2550 1636 2608 quam
1668 2530 1806 2590 ullis
1835 2529 2073 2612 scriptis
2112 2529 2258 2591 alio-

505 2631 640 2671 rum
694 2621 838 2704 post
892 2611 1213 2693 apostolos.
1302 2610 1393 2672 Ut
1443 2622 1643 2672 autem
1697 2626 1871 2673 antea
1927 2613 1991 2673 in
2047 2612 2257 2674 multis

505 2693 741 2776 scriptis
771 2694 901 2755 sine
930 2694 1053 2755 ulla
1080 2693 1476 2788 ambiguitate
1498 2694 1852 2777 simpliciter
1872 2695 2257 2757 recitavimus

503 2775 840 2838 doctrinam
871 2778 934 2838 e't
960 2798 1345 2839 ceremonias
1375 2778 1761 2839 ecclesiarum
1793 2789 2152 2853 nostrarum,
2172 2778 2259 2841 ita

506 2870 568 2920 et
610 2881 776 2921 nunc
811 2858 1066 2921 eandem
1109 2861 1747 2922 commemorationem
1790 2861 1920 2922 sine
1960 2861 2260 2944 ambigui-

504 2952 629 3003 tate
685 2954 748 3003 et
802 2943 936 3004 sine
980 2944 1330 3026 corruptelis
1381 2944 1777 3005 exhibemus:
1829 2944 1894 3006 in
1941 2966 2064 3026 qua
2112 2944 2257 3006 satis

507 3025 884 3108 conspicient
925 3047 1137 3087 omnes
1166 3048 1302 3087 vere
1335 3025 1679 3107 judicantes
1725 3027 1841 3088 hoc
1874 3038 2169 3111 tempore,
2195 3038 2258 3088 et

508 3108 581 3169 ad
619 3120 911 3192 posteros,
942 3131 1049 3170 nos
1080 3108 1338 3171 fideliter
1366 3111 1619 3171 retinere
1649 3131 2012 3172 consensum
2043 3108 2259 3172 Eccle-

510 3191 611 3253 sioe
640 3191 954 3254 catholica!
981 3192 1234 3254 Domini
1267 3194 1453 3254 nostri
1481 3193 1693 3255 JESU
1721 3193 1968 3265 Christi,
1995 3205 2059 3255 et
2089 3192 2258 3255 illu·-

505 3285 661 3335 trare
716 3273 1050 3338 doctrinam
1110 3275 1505 3338 necessariam
1563 3276 1638 3338 ad
1697 3276 2068 3359 agnitionem
2113 3272 2255 3335 Filii

508 3355 649 3430 Dei,
676 3369 738 3419 et
780 3357 856 3419 ad
893 3358 1149 3420 salutem
1197 3358 1557 3422 hominum:
1601 3372 1663 3421 et
1705 3381 1828 3422 non
1871 3377 2110 3420 movere
2150 3376 2256 3418 cu·

509 3439 692 3501 riosas
742 3454 846 3503 aut
895 3442 1138 3503 inutiles
1187 3442 1565 3524 quaestiones.
1652 3442 1738 3504 Et
1791 3439 2094 3504 offerimus
2143 3460 2255 3501 nos
2354 3462 2362 3470 ·

508 3521 777 3662 {agiam
807 3523 1296 3599 declarationem,
1323 3525 1384 3586 in
1422 3545 1784 3606 quacunque
1820 3532 1988 3605 parte
2022 3520 2255 3605 flagita-

2386 3352 2398 3389 l
