2418 4172
427 348 535 405 174
1049 345 1543 401 coNFEsslo

426 490 632 552 monia
667 489 992 551 voluntatis
1035 489 1154 551 Dei
1199 510 1340 571 erga
1386 509 1517 563 nos,
1545 508 1655 582 pro
1768 487 1851 550 ita
1894 490 1967 551 ad
2011 490 2176 551 exci-

425 572 671 637 tandam
715 584 776 633 et
816 571 1288 633 confirmandam
1323 570 1505 631 fldem
1544 593 1607 631 ln
1691 570 1757 631 is·
1780 572 1883 651 qui
1920 582 2178 634 utuntur

426 656 530 718 eis.
616 656 832 738 Itaque
872 654 1165 716 utendum
1206 666 1295 714 est
1339 653 1725 714 sacramentis
1769 653 1871 728 ita,
1901 665 2176 717 ut'aeee-

426 738 532 801 dat
560 738 709 800 fides
737 760 872 820 quae
901 737 1105 799 credat
1133 735 1650 820 promissionibus,
1678 758 1814 816 quae
1835 757 1950 820 per
1981 757 2176 799 sacra-

428 833 635 883 menta
676 821 1044 882 exhibentur
1084 832 1145 880 et
1185 819 1599 880 ostenduntur.
1687 819 1824 881 Hac
1868 818 1990 880 fide
2023 820 2179 881 acci-

428 906 630 988 pimus
661 905 1015 987 promissam
1048 903 1323 984 gratiam,
1347 923 1528 983 quam
1554 914 1926 963 sacramenta
1948 902 2178 985 signifi-

427 999 588 1061 cant,
617 999 678 1047 et
705 986 995 1069 Spiritum
1023 986 1335 1045 Sanctum.
1557 1005 1565 1011 ·

509 1069 824 1130 Damnant
851 1067 1035 1149 igitur
1063 1066 1462 1128 Pharisaicam
1494 1065 1864 1148 opinionem,
1893 1088 2029 1149 quoe
2067 1068 2178 1127 ob-

429 1152 549 1213 ruit
571 1151 902 1212 doctrinam
932 1149 1009 1209 de
1037 1148 1176 1223 fide,
1206 1170 1317 1209 nec
1346 1147 1522 1208 docet
1549 1148 1732 1209 fidem
1765 1149 1828 1210 in
1852 1171 1964 1211 usu
1988 1171 2180 1211 sacra-

429 1246 770 1295 mentorum
801 1232 1041 1312 requiri,
1062 1253 1197 1312 quae
1222 1229 1427 1292 credat
1455 1242 1700 1312 propter
1725 1231 2039 1293 Christum
2070 1253 2181 1293 no-

429 1318 523 1377 bis
571 1316 824 1398 gratiam
872 1314 1017 1375 dari.
1104 1312 1222 1374 Sed
1273 1312 1451 1394 fingit
1503 1312 1779 1373 homines
1810 1314 2010 1393 justos
2051 1334 2181 1374 esse

427 1411 674 1544 progtffl·
726 1418 902 1458 usum
948 1407 1455 1458 sacramentorum
1502 1416 1577 1455 ex
1617 1416 1797 1479 opere
1824 1406 2182 1479 operato,‘et

430 1481 533 1564 qui
578 1502 676 1542 em
706 1480 835 1541 sine
865 1481 1027 1541 bono
1054 1490 1226 1540 motu
1256 1478 1576 1540 utentium.
1960 1503 1963 1505 >
2170 1500 2176 1515 ’

1220 1624 1396 1685 XIV.

432 1718 583 1797 DE
609 1728 817 1789 ordine
844 1728 1247 1789 ecclesiastico
1276 1726 1514 1802 docent,
1542 1725 1704 1807 quod
1747 1748 1927 1787 nemo
1964 1726 2183 1788 debeat

433 1812 494 1872 in
552 1812 803 1873 ecclesia
856 1811 1099 1895 publice
1147 1810 1380 1884 docere,
1423 1822 1525 1870 aut
1575 1820 1947 1871 sacramenta
1987 1809 2184 1871 admi-

434 1895 702 1969 nistrare,
745 1894 860 1955 nisi
906 1894 1017 1954 rite
1057 1898 1323 1968 vocatus,
1351 1893 1506 1954 sicut
1546 1904 1608 1953 et
1651 1893 1870 1952 Paulus
1911 1893 2185 1977 precipit

433 1977 595 2053 Tito,
626 1989 695 2039 ut
723 1977 783 2038 in
814 1976 1155 2039 civitatibus
1184 1976 1566 2059 presbyteros
1594 1974 1940 2036 constituat.
2170 1994 2179 2017 ’

1237 2118 1379 2181 XV.

436 2211 587 2291 DE
626 2223 841 2285 ritibus
881 2221 1322 2293 ecclesiasticis,
1353 2222 1457 2316 qui
1495 2231 1638 2282 sunt
1673 2220 1937 2282 humana
1965 2221 2187 2282 autori-

436 2322 560 2371 tate
602 2306 880 2379 instituti,
910 2305 1147 2379 docent,
1172 2304 1320 2365 ritus
1363 2305 1497 2364 illos
1539 2302 1860 2365 servandos
1898 2324 2049 2374 esse,
2076 2304 2183 2385 qui

438 2394 565 2454 sine
611 2401 860 2473 peccato
902 2388 1116 2449 servari
1163 2398 1435 2470 possunt,
1462 2397 1524 2447 et
1566 2386 1641 2447 ad
1684 2386 2182 2467 tranquillitatem

437 2488 500 2537 et
537 2476 763 2535 bonum
803 2471 1074 2533 ordinem
1108 2470 1167 2530 in
1199 2470 1449 2531 eeclesia
1476 2468 1859 2539 conducunt;
1905 2480 1974 2530 ut
2009 2480 2186 2531 cem

437 2558 620 2631 feriae,
648 2566 826 2616 certae
855 2554 1163 2615 cantiones
1192 2552 1332 2636 piae,
1360 2564 1423 2612 et
1450 2552 1548 2612 alii
1579 2550 1806 2612 similes
1834 2550 2002 2612 ritus.

522 2638 641 2700 Sed
671 2637 746 2699 de
776 2638 892 2698 hoc
914 2638 1045 2719 ipso
1066 2657 1282 2718 genere
1303 2634 1540 2709 docent,
1562 2655 1682 2695 non
1704 2655 1832 2695 esse
1852 2633 2186 2701 onerandas

439 2720 834 2785 conscientias
872 2718 1295 2802 superstitiosis
1336 2717 1739 2800 opinionibus,
1769 2716 1885 2778 hoc
1926 2728 2037 2792 est,
2062 2739 2184 2779 non

440 2817 532 2868 est
565 2803 964 2876 sentiendum,
990 2801 1393 2863 ordinationes
1422 2800 1552 2860 illas
1585 2800 1877 2860 humanas
1906 2799 2188 2883 esse-jus-

440 2890 636 2950 titiam
668 2907 867 2948 coram
901 2884 1059 2959 Deo,
1089 2895 1192 2945 aut
1223 2882 1433 2944 mereri
1469 2883 1881 2945 remissionem
1914 2893 2190 2967 peccato-

442 2994 596 3046 rum,
624 2986 729 3034 aut
770 2968 967 3032 cultus
1008 2966 1370 3029 necessarios
1408 2965 1648 3027 esse-ad
1678 2965 1982 3047 justitiam
2010 2985 2190 3028 evan—

443 3055 602 3138 gelii.
673 3052 792 3114 Sed
824 3050 1203 3113 sentiendum
1234 3061 1343 3126 est,
1364 3049 1529 3132 quod
1560 3049 1679 3110 sint
1709 3071 1799 3109 res
1823 3048 1914 3110 ad’
2001 3049 2188 3123 bore,

443 3160 581 3219 quae
610 3147 779 3198 ex'tra
806 3154 1011 3197 casum
1036 3133 1297 3195 scandali
1320 3133 1517 3194 omitti
1543 3132 1793 3215 possint,
1814 3131 1958 3193 sedi
1986 3132 2023 3193 li
2048 3150 2188 3216 pce·

444 3231 601 3294 cant,
628 3219 735 3301 qui
775 3239 915 3282 cum
958 3216 1240 3279 scandalo
1282 3214 1665 3291 eas·violant,
1694 3226 1762 3276 ut
1801 3214 1904 3297 qui
1945 3228 2184 3277 suarum

445 3303 827 3365 ecclesiarum
859 3300 1353 3396 tranquillitatem
1387 3309 1611 3360 temere
1639 3295 2010 3381 perturbant.

531 3386 907 3466 Rejiciuntur
949 3383 1131 3467 igitur
1171 3382 1539 3455 traditiones,
1626 3403 1715 3442 use
1765 3380 1893 3441 sine
1939 3387 2185 3461 peccato

447 3490 566 3528 non
598 3479 850 3551 possunt
875 3466 1192 3541 observari,
1222 3479 1290 3528 ut
1317 3464 1558 3526 traditio
1582 3403 1663 3525 de
1689 3462 1993 3525 coelibatu.
2065 3457 2187 3520 Res

438 3549 647 3629 jicitur
687 3563 749 3612 et
791 3550 979 3633 impia
1018 3549 1226 3632 opinio
1267 3548 1344 3610 de
1385 3545 1806 3609 traditionibus
1833 3541 2095 3616 et’votis,
2122 3541 2182 3602 in

449 3652 568 3713 qua
612 3633 874 3713 fingitur,
909 3631 1107 3693 cultus
1151 3632 1417 3693 humana
1459 3626 1775 3690 autoritate
1815 3624 2185 3709 excogitatos

2355 37 2364 44 =

2392 98 2403 108 a
2391 76 2402 92 ω
2384 0 2418 71 9¹⁸⁵&-

2377 475 2405 795 ⁴‘ia--m’
2389 186 2404 274 v‚·.

2393 1286 2399 1299 -ι
2386 894 2418 1259 ..ι-ηαι-ἧΑΨνᾸ-ίῆ-
