2418 4172
798 326 1341 380 HELVETICA.
1875 331 1948 389 67

196 465 312 528 sibi
352 465 698 549 discipulos,
740 487 892 548 quos
935 467 1078 527 fecit
1122 468 1440 549 apostolos.
1528 469 1615 531 Hi
1659 493 1796 532 vero
1838 497 1943 535 ex-

194 559 405 611 euntes
450 548 510 610 in
558 548 850 611 mundum
899 549 1264 622 universum,
1308 551 1675 646 collegerunt
1720 556 1943 636 ubique

193 630 472 693 ecclesias
517 654 623 715 per
663 631 1150 716 proedicationem
1196 634 1511 715 evangelii,
1553 635 1770 696 deinde
1806 660 1945 697 vero

190 734 301 797 per
336 736 546 776 omnes
586 712 795 776 mundi
835 714 1113 776 ecclesias
1152 715 1502 778 ordinarunt
1546 731 1828 800 pastores,
1858 732 1946 780 at-

192 816 312 878 que
363 795 656 872 doctores,
720 818 795 858 ex
852 820 1042 880 praece
1090 811 1151 858 to
1218 799 1465 873 Christi,
1524 823 1632 883 per
1685 823 1938 881 quorum

192 899 561 940 succensores
594 880 905 961 hucusque
942 820 1255 942 ecclesiam
1298 881 1504 943 docuit
1542 905 1611 944 ac
1646 884 1945 965 guberna-

189 960 297 1022 vit.
382 961 619 1043 Itaque,
661 975 729 1023 ut
771 962 943 1023 Deus
992 964 1174 1024 veteri
1218 966 1444 1047 populo
1487 966 1656 1026 dedit
1697 967 1944 1049 patriar·

189 1042 337 1105 chas
388 1066 509 1105 una
557 1067 696 1106 cum
744 1045 922 1107 Mose
975 1058 1036 1107 et
1075 1048 1422 1130 prophetis:
1470 1049 1552 1109 ita
1594 1049 1755 1110 Novi
1798 1050 1948 1110 Tes-

189 1127 445 1188 tamenti
475 1150 556 1211 po
602 1128 703 1189 ulo
744 1128 907 1190 misit
936 1151 1111 1190 suum
1155 1131 1534 1212 unigenitum
1565 1131 1789 1193 Filium
1828 1155 1946 1194 una

189 1229 330 1271 cum
361 1223 572 1293 aposto
597 1211 665 1285 is,
693 1223 756 1272 et
783 1210 1126 1272 doctoribus
1156 1214 1445 1275 ecclesiae.

275 1291 459 1354 Porro
490 1293 744 1354 ministri
776 1294 913 1355 novi
945 1295 1152 1376 populi
1184 1296 1359 1357 variis
1390 1319 1590 1358 nuncu
1642 1310 1820 1359 antur
1842 1321 1946 1381 ap-

189 1373 636 1458 pellationibus.
696 1376 1008 1438 Dicuntur
1036 1378 1221 1452 enim,
1248 1392 1268 1439 l
1304 1379 1444 1440 Cor.
1474 1380 1578 1441 xii.
1598 1320 1834 1463 1inhes.
1866 1382 1944 1441 iv.

191 1456 468 1540 apostoli,
487 1458 818 1541 prophetoe,
848 1459 1250 1542 evangelistes,
1279 1464 1559 1544 episcopi,
1582 1464 1948 1545 presbyteri,

404 1562 486 1614 es,
515 1554 698 1622 atque
727 1541 1017 1603 doctores·
1104 1545 1380 1625 Apostoli
1414 1546 1582 1606 nullo
1612 1558 1775 1606 certo
1804 1568 1950 1607 con-

189 1621 481 1684 sistebant
538 1624 690 1695 loco,
748 1623 851 1684 sed
908 1647 1018 1707 per
1073 1627 1280 1686 orbem
1341 1627 1530 1687 varias
1581 1629 1948 1708 colligebant

187 1703 488 1766 ecclesias.
574 1706 732 1774 Quae
791 1705 894 1766 ubi
942 1705 1073 1785 jam
1135 1708 1482 1770 constitutae
1546 1722 1734 1779 erant,
1791 1708 1947 1769 desi-

187 1797 365 1848 erunt
405 1809 535 1849 esse
577 1789 855 1871 apostoli,
890 1811 961 1849 ac
1001 1789 1317 1851 subierunt
1349 1790 1579 1871 quique
1612 1792 1674 1851 in
1709 1814 1816 1852 sua
1845 1815 1946 1852 ec-

186 1868 368 1931 clesia
396 1869 457 1931 in
490 1870 691 1932 locum
734 1871 985 1932 istorum
1027 1883 1310 1955 pastores.
1399 1873 1716 1956 Prophetae
1754 1897 1948 1956 quon-

186 1950 328 2015 dnm
359 1953 590 2035 proescii
629 1953 965 2015 futurorum
999 1968 1163 2016 vates
1203 1967 1405 2017 erant:
1450 1957 1551 2017 sed
1583 1969 1644 2017 et
1677 1958 1949 2040 Scriptu-

189 2056 283 2096 ras
311 2034 875 2118 interpretabantur.
946 2038 1171 2106 Quales
1201 2040 1382 2099 etiam
1417 2039 1597 2100 hodie
1627 2040 1828 2101 adhuc
1858 2041 1947 2101 in-

188 2116 529 2179 veniuntur.
629 2119 1031 2199 Evangelistoe
1104 2121 1561 2203 appellabantur
1629 2126 1946 2206 scriptores

187 2200 548 2283 evangelicoe
620 2201 905 2275 historiae,
976 2202 1079 2263 sed
1152 2216 1214 2264 et
1284 2226 1590 2287 praecones
1655 2206 1948 2288 evangelii

188 2280 453 2344 Christi:
498 2284 807 2365 quomodo
839 2298 901 2345 et
929 2286 1152 2346 Paulus
1187 2286 1582 2348 Timotheum
1617 2287 1797 2367 jubet
1833 2289 1947 2349 im-

185 2363 352 2448 plere
378 2387 532 2460 opus
561 2367 962 2449 evangelistae.
1047 2368 1335 2451 Episcopi
1370 2392 1510 2430 vero
1540 2383 1681 2431 sunt
1711 2371 1946 2454 inspec-

185 2458 365 2523 tores,
380 2448 711 2531 Vigilesque
729 2450 1016 2524 ecclesiae,
1034 2450 1139 2532 qui
1161 2452 1385 2512 victum
1414 2464 1476 2513 et
1498 2453 1825 2514 neccssaria
1849 2476 1946 2514 ec-

184 2529 382 2593 clesioe
410 2531 777 2615 dispensant.
851 2534 1190 2616 Presbyteri
1222 2547 1363 2595 sunt
1386 2536 1666 2610 seniores,
1685 2548 1747 2596 et
1771 2537 1940 2617 quasi

184 2625 504 2687 senatores,
522 2627 844 2698 patresque
861 2617 1147 2691 ecclesiae,
1161 2620 1565 2698 gubernantes
1586 2618 1780 2702 ipsam
1800 2641 1946 2680 con-

185 2696 320 2757 silio
358 2698 598 2759 salubri.
687 2699 956 2760 Pastores
985 2700 1142 2761 ovile
1171 2699 1424 2762 Domini
1472 2714 1532 2762 et
1578 2702 1944 2774 custodiunt,

184 2790 248 2840 et
297 2778 350 2840 ei
402 2779 479 2841 de
529 2782 707 2842 rebus
766 2805 903 2864 pros
952 2783 1141 2844 iciunt
1192 2785 1557 2845 necessariis
1645 2786 1943 2845 Doctores

183 2861 487 2938 erudiunt,
515 2876 577 2925 et
605 2885 803 2925 veram
851 2868 890 2926 fi
938 2888 1035 2926 em
1076 2866 1486 2950 pietatemque
1515 2867 1753 2927 docent.
1839 2866 1945 2927 Li-

184 2944 349 3007 cebit
392 2967 536 3030 ergo
585 2969 748 3009 nunc
797 2949 1184 3010 ecclesiarum
1241 2950 1544 3010 ministros
1597 2971 1944 3031 nuncupare

186 3025 522 3111 episcopos,
552 3032 952 3117 presbytero&
980 3043 1266 3115 pastores„
1295 3044 1475 3113 atque
1504 3031 1796 3092 doctores,

269 3108 673 3191 Sequentibus
724 3136 901 3196 porro
944 3116 1338 3197 temporibuS,
1383 3116 1578 3176 multo
1627 3115 1828 3196 plures
1882 3113 1942 3174 in

186 3190 501 3253 ecclesiam
545 3194 662 3255 Dei
710 3196 972 3258 inductae
1025 3210 1165 3258 sunt
1208 3198 1686 3280 nuncupationes
1741 3195 1946 3256 minis-

185 3285 414 3335 trorum
461 3275 520 3336 in
564 3276 831 3338 ecclesia.
916 3280 1038 3340 Alii
1081 3281 1240 3340 enim
1280 3280 1535 3340 ordinati
1581 3290 1721 3338 sunt
1763 3280 1946 3361 patri-

184 3357 401 3431 archoe,
423 3357 522 3418 alii
542 3359 997 3443 archiepiscopi,
1022 3362 1120 3421 alii
1154 3362 1526 3444 suffraganei,
1549 3361 1692 3421 item
1726 3373 1947 3423 metro-

185 3439 457 3523 politani,
513 3441 1033 3525 archipresbyteri,
1090 3443 1324 3503 diaconi
1385 3465 1647 3525 quoque,
1705 3443 1946 3505 subdia·

185 3522 344 3595 coni,
388 3525 673 3597 acoluthi,
714 3525 1047 3597 exorcistae,
1077 3538 1373 3597 cantores,
1387 3527 1696 3607 janitores,
1739 3539 1802 3587 et
1844 3549 1946 3587 ne-

187 3605 312 3676 scio
368 3609 471 3687 qni
532 3608 652 3679 alii,
711 3620 775 3668 ut
835 3608 1185 3680 cardinales,
1230 3610 1558 3693 praepositi,
1601 3622 1661 3671 et
1706 3611 1946 3693 priores,
2015 3686 2023 3690 ,

1016 3711 1047 3751 F
1082 3705 1114 3751 2

1684 3775 1717 3787 Ι
