2418 4172
456 332 562 388 198
1081 331 1568 387 CONFESSIO

461 472 630 535 muni
678 472 858 535 missa
907 474 1092 555 loqui.
1175 474 1335 536 Cum
1380 474 1562 558 igitur
1606 474 1801 535 missae
1843 473 1994 536 ritus
2043 473 2203 555 apud

458 578 568 618 nos
599 556 817 619 habeat
844 558 1222 621 autoritatem
1253 558 1596 642 Scripturae,
1624 568 1686 617 et
1713 557 2063 640 exemplum
2102 578 2206 619 ve-

458 638 600 701 teris
629 639 914 715 ecclesiae,
937 653 998 702 et
1019 653 1256 703 tantum
1283 640 1687 703 intolerabiles
1712 637 1957 721 quidam
1981 641 2204 703 abusus

460 722 676 803 abjecti
721 723 861 798 sint,
893 746 1202 807 speramus
1243 747 1363 786 non
1406 747 1581 807 posse
1617 722 1940 805 improbari
1980 733 2207 785 nostra·

460 826 596 867 rum
646 805 1029 868 ecclesiarum
1079 830 1328 869 morem.
1413 807 1629 869 Caeteri
1686 806 1836 866 ritus
1892 803 2204 888 adiaphori

460 908 682 971 magna
722 910 798 951 ex
841 902 1009 972 parte
1052 891 1271 952 usitato
1308 913 1474 952 more
1508 902 1835 963 servantur,
1862 888 1964 950 sed
1997 910 2209 949 nume-

463 993 562 1033 rus
591 973 906 1033 missarum
944 972 1254 1035 dissimilis
1295 985 1403 1034 est.
1487 973 1623 1034 Nec
1660 972 1806 1033 olim
1846 972 1907 1032 in
1937 971 2207 1033 ecclesiis

460 1054 958 1135 frequentissimis
981 1056 1165 1116 fiebat
1184 1055 1452 1136 quotidie
1476 1056 1676 1129 missa,
1694 1066 1761 1115 ut
1785 1066 2038 1116 testatur
2058 1053 2208 1116 His-

461 1137 613 1199 toria
654 1136 978 1229 Tripartita
1021 1137 1125 1199 lib.
1156 1138 1236 1199 ix.
1279 1160 1411 1219 cap.
1438 1148 1541 1201 38.
1629 1138 1859 1199 Rursus
1897 1148 2101 1199 autem
2142 1137 2207 1199 in

460 1219 846 1292 Alexandria,
874 1230 1087 1299 quarta
1114 1231 1175 1279 et
1205 1231 1372 1280 sexta
1400 1220 1546 1282 feria
1567 1220 1888 1302 Scripturae
1908 1220 2208 1302 leguntur,

460 1322 684 1384 easque
724 1300 997 1363 doctores
1040 1301 1523 1397 interpretantur,
1551 1315 1614 1364 et
1643 1301 1849 1363 omnia
1877 1303 2035 1369 fiunt
2057 1323 2210 1386 pro-

461 1396 552 1446 ter
579 1384 906 1445 solennem'
921 1384 1241 1447 oblationis
1271 1407 1524 1449 morem.

1031 1562 1644 1606 *-

800 1687 910 1749 De
935 1695 1197 1770 utraque
1225 1685 1438 1769 Specie
1467 1685 1866 1748 Sacramenti.

458 1790 600 1870 ET
626 1804 913 1885 quoniam
938 1803 1282 1865 communis
1311 1803 1497 1865 missa
1522 1803 1683 1886 apud
1715 1827 1824 1867 nos
1853 1803 2207 1878 celebratur,

453 1898 523 1948 ut
553 1886 847 1967 intelligat
917 1886 1135 1970 opulus
1164 1897 1228 1948 s'e
1254 1907 1498 1967 quoque
1526 1886 1880 1950 sanctificari
1916 1908 2020 1952 san
2108 1886 2207 1949 ine

457 1969 706 2044 Christi,
747 1982 809 2031 et
907 1970 1070 2030 iscat·
1107 1987 1319 2031 verum
1378 1990 1552 2031 usum
1611 1969 1985 2044 ceremonia,
2074 1981 2209 2035 atur

457 2052 622 2114 laicis
646 2055 896 2134 utraque
917 2074 1052 2135 pars
1074 2051 1430 2113 sacramenti
1461 2051 1525 2114 in
1555 2073 1733 2125 coena
1758 2050 2039 2127 Domini,
2065 2051 2210 2134 quia

457 2146 902 2197 sacramentum
945 2134 1292 2196 institutum
1339 2145 1450 2209 est,
1479 2157 1603 2196 non
1646 2135 1841 2198 solum
1886 2157 1998 2219 pro
2038 2146 2209 2219 parte

458 2218 744 2294 ecclesioe,
773 2217 1000 2280 scilicet
1036 2239 1147 2301 pro
1183 2218 1566 2301 presbyteriS,
1593 2217 1699 2280 sed
1722 2218 1903 2280 etiam
1936 2240 2047 2302 pro
2072 2217 2210 2284 reli-

458 2324 578 2383 qua
621 2302 906 2372 ecclesia;
958 2302 1140 2384 igitur
1182 2312 1244 2361 et
1284 2302 1543 2383 populus
1586 2301 1777 2364 utitur
1817 2310 2209 2376 sacramento,

459 2386 616 2446 sicut
657 2385 934 2446 Christus
977 2384 1256 2457 instituit,
1286 2394 1350 2445 et
1390 2384 1635 2465 quidem
1671 2384 1948 2448 Christus
1991 2383 2208 2466 inquit,

459 2468 642 2528 Matt.
673 2468 837 2529 xxvi.
874 2467 1082 2529 Bibite
1124 2488 1199 2528 ex
1238 2467 1349 2528 Ιιοο
1389 2487 1612 2541 omnes,
1641 2467 1742 2528 ubi
1777 2466 2095 2533 manifeste
2122 2466 2208 2529 ait

458 2549 535 2611 de
576 2550 797 2633 poculo
839 2560 908 2611 ut
949 2571 1161 2611 omnes
1205 2550 1434 2611 bibant.
1519 2550 1604 2612 Et
1646 2572 1722 2612 ne
1765 2549 1899 2632 quis
1944 2549 2205 2613 cavillari

457 2634 664 2716 possit,
692 2632 854 2715 quod
887 2631 945 2693 id
975 2644 1211 2694 tantum
1243 2631 1316 2694 ad
1347 2632 1680 2694 sacerdotes
1703 2633 2017 2716 pertineat,
2035 2631 2206 2696 Pauli

452 2715 750 2778 ordinatio
809 2714 884 2777 ad
928 2714 1275 2777 Corinthios
1332 2726 1584 2778 testatur
1638 2727 1828 2779 totam
1887 2714 2204 2779 eeclesiam

454 2799 861 2861 communiter
915 2807 1103 2860 usam'
1136 2821 1265 2860 esse
1313 2810 1567 2880 utraque
1623 2810 1807 2882 parte.
1896 2798 2023 2861 Hic
2074 2819 2207 2861 mos

455 2882 561 2944 diu
614 2883 835 2944 mansit
880 2881 1064 2943 etiam
1109 2882 1172 2945 in
1215 2881 1447 2943 Latinis
1491 2882 1772 2957 ecclesiis,
1799 2904 1912 2946 neo
1950 2892 2207 2957 constat,

457 2965 724 3047 quando,
766 2976 870 3028 ant
926 2987 1048 3047 quo
1104 2975 1310 3027 autore
1362 2977 1635 3028 mutatus
1683 2965 1780 3028 sit.
1861 2965 2208 3049 Cyprianus

461 3049 699 3133 aliquot·
719 3048 866 3111 locis
894 3059 1147 3111 testatur
1164 3049 1394 3132 populo
1420 3049 1776 3132 sanguinem
1812 3047 2022 3113 datum
2061 3069 2209 3112 esse.

461 3132 576 3194 Sic'
611 3132 821 3195 scribit
864 3131 1083 3193 alicubi
1134 3131 1208 3193 ad
1252 3131 1601 3196 Cornelium
1654 3154 1916 3227 papam:
1972 3138 2011 3169 “
2040 3131 2208 3201 Quo·

459 3222 495 3252 “
524 3216 708 3278 modo
735 3214 1023 3278 docemus
1051 3228 1155 3277 aut
1186 3236 1579 3298 provocamus
1608 3238 1709 3278 eos
1739 3237 1798 3278 in
1835 3212 2207 3279 confessione

459 3306 496 3334 “
526 3298 789 3361 nominis
817 3298 1170 3382 sanguinem
1202 3320 1379 3361 suum
1410 3298 1677 3374 fundere,
1705 3298 1754 3360 si
1792 3299 1879 3361 cis
1902 3294 2203 3361 ‘milium-

461 3387 495 3419 “
527 3382 603 3442 ris
632 3381 859 3443 Christi
890 3381 1241 3465 sanguinem
1281 3381 1695 3466 denegamus?
1735 3383 1863 3444 Aut
1897 3374 2204 3460 quomodo

460 3470 496 3498 “
527 3464 599 3525 ad
642 3477 797 3538 mart
841 3465 910 3526 rii
950 3466 1236 3549 poculum
1282 3464 1527 3527 idoneos
1569 3465 1843 3534 facimus,
1872 3460 2072 3524 sinon
2101 3479 2204 3522 eos

459 3552 495 3579 “
525 3547 689 3638 prius
731 3486 1176 3610 adybibcndum
1225 3548 1284 3608 in
1328 3547 1578 3610 ccclesia
1623 3543 1908 3630 pocillum
1948 3540 2201 3605 Domini

461 3633 496 3662 ‘⁸
516 3649 654 3708 Jurc
698 3629 1260 3692 communicationis
1303 3629 1679 3710 admittimus
1694 3627 1747 3688 :·”
1779 3624 1861 3690 Eat
1900 3624 2205 3709 Hierony.
