2418 4172
815 348 1359 403 HELVETICA.
1890 351 1962 410 69

210 493 496 567 ecclesioe,
522 514 703 575 quam
736 490 1114 573 quorundam
1151 489 1549 551 eruditionem
1581 491 1824 566 variam,
1852 514 1956 554 ex·

297 576 518 650 initam,
581 575 1039 654 delicatamque,
1102 572 1204 634 sed
1274 572 1455 654 paulo
1516 572 1953 636 fastuosiorem.

275 657 396 721 nde
423 681 501 720 ne
525 658 703 721 hodie
730 655 973 739 quidem
998 655 1300 736 rejicimus
1328 654 1775 735 simplicitatem
1809 678 1957 736 quo·

210 741 470 804 rundam
528 742 800 825 probam,
852 761 963 800 nec
1020 752 1224 799 tamen
1280 738 1533 798 omnino
1596 737 1956 820 imperitam.

209 823 589 907 Nuncupant
628 846 771 885 sane
812 822 1066 904 apostoli
1109 820 1337 882 Christi
1395 841 1605 881 omnes
1651 820 1709 880 in
1754 820 1960 881 Chris-

208 917 342 968 tum
393 906 702 967 credentes
742 904 1095 979 sacerdotes,
1126 902 1227 965 sed
1260 925 1380 964 non
1422 903 1650 964 ratione
1687 903 1963 964 ministe-

208 988 303 1063 rii,
331 988 433 1050 sed
511 989 626 1050 uod
658 1011 765 1071 per
793 987 1358 1060 Christum,omnes
1389 985 1595 1046 fideles
1616 986 1759 1047 facti
1790 1009 1957 1068 reges

208 1082 272 1134 et
298 1093 434 1133 sace
504 1084 655 1148 otes,
681 1072 887 1132 offerre
925 1092 1246 1153 possumus
1281 1068 1616 1152 spirituales
1647 1068 1786 1129 Deo
1822 1069 1959 1130 hos-

209 1153 344 1217 tias.
398 1154 823 1216 Diversissima
851 1175 994 1235 ergo
1017 1154 1172 1214 inter
1209 1174 1272 1212 se
1301 1164 1442 1213 sunt
1471 1151 1866 1212 sacerdotium
1900 1165 1962 1213 et

211 1236 632 1300 ministerium.
721 1235 879 1298 Illud
916 1238 1076 1296 enim
1116 1257 1444 1297 commune
1478 1246 1571 1296 est
1598 1234 1956 1296 Christianis

208 1321 511 1394 omnibus,
533 1332 600 1381 ut
621 1319 801 1381 modo
821 1318 1106 1392 diximus,
1130 1319 1245 1379 hoc
1264 1340 1383 1377 non
1408 1317 1572 1379 item.
1618 1317 1752 1379 Nec
1774 1340 1807 1378 e
1832 1339 1958 1378 me-

208 1401 313 1464 dio
345 1402 699 1464 sustulimus
737 1401 1004 1462 ecclesioe
1049 1400 1468 1474 ministerium,
1503 1399 1746 1481 quando
1784 1422 1961 1483 repu-

207 1484 508 1548 diavimus
529 1506 605 1546 ex
626 1484 878 1546 ecclesia
898 1483 1124 1544 Christi
1144 1482 1543 1543 sacerdotium
1565 1482 1955 1576 papisticum.

291 1566 602 1661 Equidem
647 1566 707 1626 in
753 1566 934 1626 Novo
974 1566 1388 1638 Testament0,
1429 1563 1660 1625 Christi
1705 1587 1828 1625 non
1870 1578 1963 1626 est

206 1649 471 1731 amplius
492 1648 613 1709 tale
633 1647 1056 1721 sacerdotium,
1078 1647 1259 1728 quale
1280 1647 1398 1706 fuit
1426 1646 1487 1705 in
1511 1646 1739 1728 populo
1759 1648 1965 1721 veteri,

207 1730 374 1814 quod
414 1730 762 1792 unctionem
804 1729 1016 1790 babuit
1055 1740 1390 1800 externam,
1426 1739 1619 1787 vestes
1659 1736 1873 1802 s'acras,
1901 1740 1965 1789 et

131 1863 139 1869 .
208 1813 593 1876 ceremonias
651 1812 976 1895 plurimas:
1028 1834 1165 1892 quae
1215 1810 1348 1893 typi
1404 1809 1650 1871 fuerunt
1698 1810 1962 1882 Christi3

253 1896 314 1957 ui
379 1896 484 1957 illa
537 1896 745 1957 omnia
799 1895 1044 1955 veniens
1100 1906 1162 1954 et
1225 1893 1582 1974 adimplens,
1638 1894 1966 1976 abrogavit,

277 1980 403 2041 ebr.
430 2000 486 2039 v.
516 1978 744 2039 Manet
770 1987 974 2039 autem
1001 1979 1131 2057 ipse
1165 1976 1331 2037 solus
1360 1975 1657 2037 Sacerdos
1689 1978 1756 2037 in
1793 1985 1966 2037 ceter-

207 2083 395 2125 mtm:
438 2062 537 2122 cui
579 2084 656 2122 ne
696 2060 846 2142 quid
885 2060 1265 2141 der'ogemus,
1294 2058 1524 2120 nemini
1564 2059 1720 2119 inter
1753 2059 1965 2120 minis-

208 2155 332 2206 tros
386 2143 709 2205 sacerdotis
767 2143 1130 2204 vocabulum
1188 2141 1736 2203 communicamus.
1822 2143 1964 2225 Ipse

207 2227 372 2289 enim
396 2226 704 2289 Dominus
733 2237 935 2287 noster
962 2247 1084 2285 non
1110 2224 1411 2285 ordinavit
1438 2224 1594 2285 ullos
1623 2226 1684 2285 in
1715 2225 1967 2286 ecelesia

206 2309 373 2372 Novi
408 2308 783 2371 Testamenti
823 2307 1176 2380 sacerdotes,
1212 2308 1339 2387 qui,
1378 2317 1626 2390 accepta
1668 2319 1966 2390 potestate

205 2392 677 2474 :stiffi-aganeO,
718 2390 966 2451 offerant
1008 2389 1279 2470 quotidie
1324 2389 1605 2463 hostiam,
1633 2390 1825 2473 ipsam
1872 2390 1966 2451 in-

208 2494 396 2556 quam
430 2496 671 2539 carnem
709 2485 769 2535 et
812 2473 831 2533 i
879 2495 1014 2534 sum
1061 2472 1416 2555 sanguinem
1449 2471 1706 2533 Domini
1742 2495 1852 2555 pro
1878 2473 1967 2533 vi-

202 2557 298 2621 nis
337 2567 401 2619 et
445 2557 715 2631 mortuis,
751 2495 876 2617 sed)
899 2556 1004 2638 qui
1048 2555 1305 2617 doceant
1346 2566 1407 2615 et
1449 2567 1820 2616 sacramenta
1864 2555 1968 2616 ad-

209 2639 571 2702 ministrent.
658 2641 880 2700 Paulus
939 2639 1102 2699 enim
1164 2638 1520 2720 simpliciter
1575 2650 1635 2699 et
1691 2639 1967 2713 breviter,

208 2722 359 2804 quid
402 2724 729 2785 sentiamus
781 2722 856 2783 de
889 2721 1051 2782 Novi
1089 2721 1483 2795 Testamenti,
1516 2722 1611 2781 vel
1651 2720 1726 2781 de
1777 2722 1968 2782 eccle-

209 2806 312 2868 sioe
339 2805 699 2868 Christianae
738 2805 1046 2878 ministris,
1074 2817 1136 2865 et
1165 2803 1315 2887 quid
1353 2804 1439 2864 eis
1478 2803 1833 2874 tribuamus„
1864 2825 1966 2863 ex-

208 2897 460 2972 ponens,
494 2902 518 2950 1
557 2890 696 2950 Cor.
728 2889 802 2949 iv.
844 2887 950 2950 Sic
986 2909 1096 2948 nos
1133 2888 1384 2948 estimet
1421 2886 1612 2958 hom0,
1643 2886 1859 2965 inquit,
1897 2896 1968 2948 ut

208 2972 516 3036 minium-s
583 2971 834 3045 Christi,
898 2985 956 3033 et
1017 2971 1464 3051 dispensatores
1538 2969 1965 3049 mysteriorum

213 3054 361 3116 Dei.
442 3054 700 3117 Proinde
732 3055 866 3117 vult
904 3054 1232 3137 apostolus,
1277 3065 1345 3114 ut
1386 3052 1462 3113 de
1502 3051 1789 3112 ministris
1834 3074 1966 3112 sen-

211 3137 455 3210 tiamus,
479 3147 767 3217 tanquam
810 3136 886 3198 de
925 3136 1249 3207 ministris;
1294 3136 1542 3217 ὑπηρέτας
1569 3156 1708 3194 vero
1736 3156 1970 3195 nuncu·-

213 3218 380 3302 pavit
422 3219 726 3301 apostolus
774 3220 1306 3302 subremigatoreS,
1345 3218 1453 3299 qui
1498 3216 1570 3277 ad
1615 3216 1964 3278 nauclerum

214 3301 391 3364 unice
428 3301 774 3384 respiciunt,
802 3302 896 3362 vel
940 3302 1216 3363 homines
1254 3323 1374 3361 non
1421 3299 1532 3360 sibi
1575 3320 1686 3359 nec
1727 3320 1840 3360 suo
1877 3321 1968 3361 ar-

215 3385 416 3458 bitrio,
466 3382 571 3444 sed
622 3383 751 3444 aliis
796 3384 1084 3457 viventes,
1133 3382 1396 3443 dominis
1447 3382 1693 3461 inquam
1744 3382 1886 3458 suis,
1934 3405 1969 3444 a

213 3488 476 3548 quorum
512 3465 810 3528 mandatis
837 3464 1474 3548 omnino-dependent.
1558 3463 1723 3526 Nam
1764 3465 1972 3527 minis-

211 3562 309 3612 ter
345 3550 612 3612 ecelesioe
650 3560 815 3610 totus
861 3559 923 3610 et
969 3549 1031 3609 in
1076 3548 1359 3610 omnibus
1416 3546 1540 3608 suis
1577 3546 1808 3623 officiis,
1843 3571 1966 3610 non

216 3654 331 3696 suo
379 3633 623 3696 arbitrio
671 3632 1001 3715 indulgere,
1045 3631 1150 3693 sed
1200 3630 1346 3693 illud
1395 3630 1692 3693 duntaxat
1748 3632 1966 3713 exequi
2011 3687 2020 3691 -

1057 3734 1090 3774 1?
1121 3725 1157 3774 3

1680 3775 1715 3787 l
