2418 4172
811 388 1289 444 SAXONICA.
1815 395 1919 449 275

170 529 355 593 aienti
395 540 457 591 et
494 530 624 590 aliis
653 531 799 591 vivis
828 542 890 591 et
923 532 1179 592 mortuis
1203 530 1612 591 remissionem
1645 546 1919 612 peccato—

169 631 325 686 κω,
351 622 414 673 et
441 612 592 684 alia;
638 612 783 674 item
828 613 970 675 alias
1014 612 1519 696 prophanationes
1562 617 1915 679 sacramenti

168 693 559 777 multiplices,
585 708 649 756 ct
676 695 1016 756 horrendas.

251 776 432 851 Item,
475 777 810 860 Episcopos
859 798 1035 854 posse
1077 775 1390 836 instituere
1429 776 1632 837 cultus
1675 775 1814 850 Dei,
1856 791 1916 841 et

165 871 416 942 peccato
457 858 731 920 mortalia
773 880 902 918 esse
931 857 1324 918 violationem
1361 857 1659 930 cultuum,
1688 858 1795 940 qui
1840 861 1915 923 ab

164 940 253 1002 eis
280 940 711 1002 instituuntur:
756 939 920 1013 item,
947 962 1125 1034 posse
1153 939 1346 1022 legem
1378 939 1454 1003 de
1483 940 1774 1004 coelibatu
1804 941 1915 1004 im—

162 1042 395 1106 ponere
427 1022 535 1084 ulli
573 1021 766 1083 ordini
799 1022 1155 1084 bominum:
1200 1023 1368 1095 item,
1398 1024 1910 1086 enumerationem

162 1105 538 1187 singulorum
579 1104 937 1168 delictorum
984 1106 1377 1167 necessariam
1419 1128 1548 1168 esse
1590 1106 1663 1168 ad
1709 1107 1913 1169 remis-

162 1186 393 1250 sionem
436 1200 854 1270 peccatorum:
900 1188 1066 1260 item,
1099 1188 1530 1251 satisfactiones
1574 1189 1912 1261 canonicas,

162 1271 681 1353 computationes
710 1293 839 1330 esse
868 1292 1183 1352 poenarum
1209 1270 1559 1352 purgatoriit
1590 1271 1757 1346 item,
1775 1294 1915 1353 syn-

0 1366 3 1371 ·
109 1404 113 1409 .
162 1351 330 1427 odos,
357 1354 420 1413 in
463 1353 685 1433 quibus
729 1353 838 1413 soli
882 1353 1147 1446 episcopi
1176 1353 1387 1415 dicunt
1417 1354 1759 1428 sententias,
1788 1377 1910 1416 non

161 1454 341 1517 posse
365 1457 593 1496 errare:
639 1436 804 1509 item,
833 1457 938 1515 qui
976 1447 1327 1497 consecrant
1353 1436 1504 1509 olea,
1534 1448 1596 1497 et
1623 1436 1766 1498 alias
1798 1459 1908 1509 res,

161 1515 293 1578 sine
341 1517 627 1578 mandato
673 1516 896 1591 divino,
930 1530 992 1577 et
1034 1519 1306 1579 tribuunt
1347 1518 1433 1579 cis
1475 1518 1598 1580 vim
1643 1519 1908 1581 divinam

161 1611 372 1662 eontra
398 1612 647 1682 peccata
674 1611 737 1660 et
763 1598 1033 1660 diabolos
1067 1612 1130 1661 et
1167 1601 1446 1662 morbos:
1490 1601 1658 1675 item,
1685 1602 1791 1681 qui
1821 1602 1911 1662 in-

158 1680 500 1742 vocationes
557 1680 631 1742 ad
682 1693 871 1743 certas
930 1691 1155 1742 statuas
1202 1682 1556 1764 adprobant,
1603 1682 1781 1762 quasi
1825 1683 1906 1746 ibi

155 1762 295 1846 plns
337 1762 417 1823 sit
457 1762 703 1822 auxilii:
750 1762 915 1835 item,
944 1763 1049 1843 qui
1093 1764 1464 1825 interficiunt
1497 1764 1771 1826 homines
1802 1764 1909 1824 ho-

157 1854 381 1917 nestos,
409 1855 646 1905 tantum
677 1844 821 1925 quia
864 1844 976 1905 hos
1018 1867 1241 1906 errores
1274 1844 1639 1927 improbant,
1667 1857 1730 1906 et
1757 1846 1909 1908 verir-

133 1935 345 1988 tutem
372 1928 746 2009 profitentur.
836 1927 992 1988 Haec
1033 1950 1172 1988 cum
1213 1928 1333 1990 sint
1371 1928 1548 2010 plane
1577 1929 1819 1994 ethnica
1849 1943 1909 1990 et

155 2008 546 2081 idololatrica,
576 2009 959 2070 manifestum
1005 2022 1115 2083 est,
1149 2009 1488 2071 defensores
1532 2034 1738 2075 eorum
1785 2034 1904 2074 non

155 2112 288 2152 esse
317 2093 589 2152 membra
616 2091 937 2165 Ecclesioe,
959 2092 1062 2156 sed
1094 2092 1387 2155 dominari
1436 2094 1592 2156 sicut
1623 2094 1904 2158 Pharisaei

155 2184 220 2235 et
245 2173 560 2236 Sadducoei
588 2173 1070 2236 dominabantur.
1142 2174 1380 2236 Interea
1409 2189 1612 2237 tamen
1643 2176 1906 2252 fuerunt,

155 2268 316 2330 suut,
341 2268 406 2317 et
450 2268 627 2318 erunt
668 2257 730 2317 in
773 2256 1045 2318 Ecclesia
1085 2256 1227 2330 Dei,
1258 2257 1535 2321 homines
1581 2258 1903 2323 retinentes

153 2338 640 2410 fundamentum,
670 2339 903 2400 etiamsi
934 2339 1032 2400 alii
1072 2340 1227 2422 plus,
1255 2339 1357 2402 alii
1386 2340 1585 2402 minus
1615 2341 1766 2404 lucis
1798 2341 1903 2403 ha-

153 2421 434 2496 buerunt,
476 2422 721 2497 habent,
763 2432 825 2482 et
873 2422 1201 2497 habebunt,
1243 2434 1304 2485 et
1359 2422 1664 2486 interdum
1711 2425 1901 2488 sancti

148 2502 334 2565 etiam
377 2504 628 2587 stipulas
669 2516 956 2565 extruunt
1003 2527 1183 2587 supra
1228 2503 1715 2579 fundamentum,
1757 2528 1897 2568 cum

148 2586 480 2729 temsertim
508 2587 570 2647 in
604 2586 718 2648 hac
746 2599 1088 2670 temporum
1127 2587 1364 2649 miseria
1403 2587 1611 2649 multis
1649 2589 1754 2668 qui
1795 2589 1901 2651 ha-

231 2680 303 2731 nt
329 2669 501 2731 initia
526 2669 688 2743 fidei,
715 2692 837 2731 non
877 2669 1258 2743 concedatur,
1289 2681 1357 2732 ut
1395 2669 1636 2744 erudiri,
1664 2683 1726 2731 et
1759 2694 1899 2734 cum

151 2748 519 2813 doctioribus
546 2753 808 2833 colloqui
838 2754 1088 2836 possint.
1174 2753 1263 2815 Hi
1299 2764 1440 2815 sunt
1468 2764 1673 2815 tamen
1704 2754 1766 2815 in
1797 2777 1898 2814 eo·

153 2852 293 2895 rum
321 2854 590 2907 numero,
617 2835 837 2915 quibus
868 2835 1048 2915 jubet
1079 2836 1248 2897 Deus
1288 2836 1469 2918 parci.
1553 2835 1784 2897 Ezech.
1815 2837 1896 2901 ix.

158 2912 294 2980 Qui
328 2925 583 2998 genunt
625 2925 684 2978 et
724 2917 944 2989 dolent,
968 2928 1295 3001 propterea
1324 2918 1488 3001 quod
1513 2939 1748 2981 errores
1774 2926 1900 2984 sta·

154 2994 469 3059 hilinum.
554 2999 858 3082 Pmcipne
898 3001 1084 3084 igitur
1125 3013 1187 3063 et
1227 3022 1373 3064 voce
1414 3000 1700 3064 doctrinae
1728 2999 1896 3079 judi-

153 3078 413 3141 candum
443 3091 552 3156 est,
578 3092 642 3143 et
672 3081 928 3163 judicari
1051 3095 1187 3159 test,
1216 3106 1373 3165 quae,
1401 3094 1464 3144 et
1504 3083 1607 3144 ubi
1653 3083 1728 3144 sit
1756 3105 1895 3147 vera

153 3159 450 3237 Ecclesia,
465 3185 601 3245 quae
616 3186 762 3227 voce
782 3186 935 3229 νει-ω
961 3106 1265 3239 iigenium,
1292 3165 1508 3227 deinde
1535 3178 1597 3226 et
1625 3165 1897 3246 legitimo

155 3266 273 3306 usu
299 3258 804 3310 sacramentorum
835 3250 913 3310 ab
942 3249 1071 3310 aliis
1100 3248 1379 3331 gentibus
1408 3248 1798 3311 discerniturt
1834 3259 1897 3311 et

14 3357 41 3393 η
154 3348 292 3410 quae
334 3328 414 3389 sit
440 3350 559 3394 vox
585 3350 739 3391 veroe
782 3330 1085 3400 doctrinae,
1125 3330 1452 3393 ostendunt
1501 3332 1517 3390 i
1566 3353 1630 3391 sa
1675 3331 1895 3414 scripta

149 3410 506 3494 prophetica
549 3423 611 3472 et
654 3414 996 3496 apostolica,
1032 3425 1094 3475 et
1133 3413 1429 3495 symbola.
1636 3413 1729 3476 his
1771 3436 1894 3493 non

148 3504 245 3556 αἱ
285 3494 572 3575 ambigua
619 3494 889 3557 doctrina
930 3494 1005 3556 de
1050 3494 1463 3570 fundamento,
1500 3493 1777 3560 videlieet
1815 3496 1894 3565 de

73 3598 79 3603 ·
150 3575 413 3644 uticulis
444 3577 603 3650 fidei,
631 3578 707 3639 de
740 3578 997 3640 essentia
1038 3590 1099 3640 et
1126 3578 1435 3644 voluntate
1459 3577 1605 3653 Dei,
1631 3579 1708 3642 de
1735 3579 1893 3645 Fffio

152 3657 544 3743 indemptae,
571 3661 649 3722 de
676 3662 828 3743 lege,
870 3660 945 3723 de
986 3660 1500 3744 promissionibus,
1529 3661 1605 3726 de
1622 3685 1756 3757 'usu
1798 3685 1893 3730 ua·

994 3764 1033 3804 T
1066 3758 1099 3805 2
1649 3770 1684 3785 f
