2418 4172
529 382 562 417 x
1094 363 1587 419 PRAEFATIO.

521 512 560 542 ‘⁸
588 505 828 578 dicatio,
857 506 942 568 ita
982 517 1044 567 et
1085 507 1404 590 promissio
1444 507 1648 590 gratie
1687 505 2033 568 universalis
2074 517 2185 581 est,
2208 516 2272 568 et

519 607 559 639 “
584 624 796 665 omnes
817 601 1056 664 credere
1066 602 1247 683 jubet
1265 614 1327 664 et
1348 604 1617 687 accipere
1639 603 1999 665 beneficium
2020 602 2271 679 christi,

519 706 558 737 ‘⁴
586 699 742 761 sicut
760 699 1040 760 Christus
1070 699 1285 781 inquit,
1308 700 1378 761 V
1371 701 1531 761 enite
1550 700 1634 761 ad
1659 722 1752 761 me
1779 721 1983 761 omnes
2003 701 2110 783 qui
2128 719 2270 763 one-

515 801 553 831 “
584 796 713 856 rati
741 795 934 856 estis?
964 798 1048 878 (p.
1076 798 1234 876 179.)
1309 795 1725 856 Universalem
1758 806 1960 856 autem
1995 795 2152 855 lianc
2178 814 2271 854 ro-

515 892 927 976 demptionem
975 891 1195 974 pariter
1235 892 1471 953 disertis
1514 893 1707 952 verbis
1749 891 2074 953 denunciat
2102 892 2270 952 Con-

515 989 694 1051 fessio
724 989 1074 1050 Helveticae
1116 996 1151 1023 “
1171 988 1482 1049 Docemus
1513 988 1750 1049 interim
1783 1009 2021 1071 semper
2047 999 2110 1048 et
2136 1007 2269 1048 om-

514 1092 552 1121 “
580 1085 758 1145 nibus
814 1084 1229 1168 peccatoribus
1280 1083 1510 1144 aditum
1561 1095 1763 1167 patere
1808 1083 1882 1144 ad
1932 1083 2160 1158 Deum,
2202 1092 2268 1144 et

511 1187 549 1216 “
579 1180 742 1241 hunc
770 1180 976 1241 omnia
1003 1180 1287 1240 omnibus
1317 1178 1595 1240 fidelibus
1625 1178 1964 1240 condonare
2000 1190 2266 1262 peccata,

511 1282 548 1313 “
575 1287 832 1359 excepto
873 1298 996 1337 uno
1043 1275 1147 1335 illo
1191 1286 1440 1358 peccato
1479 1275 1539 1335 in
1588 1274 1882 1357 Spiritum
1922 1274 2266 1336 Sanctum?

514 1375 535 1443 (
586 1418 600 1432 .
632 1375 758 1449 50.)
2242 1387 2249 1395 ’

504 1393 875 1547 -pDenique
923 1463 1000 1525 de
1041 1463 1570 1526 Praedestinatione
1619 1463 1942 1525 Helvetica
1983 1463 2114 1526 hec
2154 1463 2266 1526 ba-

509 1565 644 1625 bet:
673 1571 710 1600 “
728 1563 902 1624 Deus
932 1564 1008 1623 'ab
1030 1574 1254 1623 oeterno
1283 1561 1726 1644 praedestinavit
1744 1562 1837 1623 vel
1865 1561 2050 1645 elegit
2077 1562 2263 1623 libere

506 1668 542 1696 ‘⁶
570 1670 634 1720 et
659 1681 820 1719 mera
850 1680 959 1719 sua
986 1657 1197 1740 gratia,
1218 1658 1388 1718 nullo
1417 1657 1734 1718 bominum
1766 1668 2061 1740 respectu,
2089 1678 2262 1719 sane-

505 1763 544 1791 “
574 1767 686 1829 tos,
713 1774 864 1835 quos
891 1753 1021 1814 vult
1057 1753 1250 1814 salvos
1290 1754 1483 1813 faeere
1522 1752 1582 1812 in
1612 1752 1874 1827 Christo,
1891 1756 2074 1833 juxta
2107 1750 2259 1813 illud

505 1857 541 1885 “
569 1849 881 1932 Apostoli:
928 1849 1108 1910 Deus
1151 1848 1339 1931 elegit
1373 1870 1482 1909 nos
1518 1849 1586 1909 in
1618 1850 1769 1931 ipso,
1797 1856 2124 1930 antequam
2144 1846 2262 1931 ja-

504 1953 544 1982 “
571 1954 858 2006 cer-entur
872 1943 1293 2029 fimdamenta
1340 1946 1595 2008 mundi?
1679 1945 1939 2025 Subjicit
1981 1943 2259 2019 subinde,

503 2050 543 2078 ‘⁸
567 2041 738 2124 Ergo
762 2064 883 2102 non
914 2042 1043 2102 sine
1073 2041 1291 2116 medio,
1314 2042 1455 2102 licet
1485 2064 1604 2102 non
1635 2052 1879 2124 propter
1906 2040 2100 2101 ullum
2129 2062 2260 2102 me-

505 2144 542 2174 “
570 2137 754 2199 ritum
802 2150 1092 2213 nostrum,
1132 2137 1234 2198 sed
1273 2140 1334 2198 in
1373 2137 1637 2212 Christo,
1668 2148 1729 2197 et
1773 2147 2018 2220 propter
2049 2135 2258 2198 Chris-

505 2239 544 2268 “
573 2243 725 2307 tum,
756 2256 864 2295 nos
893 2234 1075 2316 elegit
1103 2233 1294 2308 Deus,
1323 2245 1392 2294 ut
1424 2234 1527 2315 qui
1561 2234 1692 2313 jam
1738 2244 1880 2294 sunt
1916 2233 1979 2293 in
2008 2231 2256 2294 Christo

502 2338 540 2366 “
568 2329 726 2391 insiti
771 2352 877 2413 per
905 2329 1108 2403 fldem,
1140 2330 1225 2390 illi
1269 2330 1381 2412 ipsi
1422 2330 1603 2391 etiam
1643 2330 1763 2391 sint
1791 2330 1986 2403 electi,
2013 2329 2252 2413 reprobi

503 2435 541 2465 “
572 2450 727 2502 vero,
775 2428 877 2509 qui
937 2438 1079 2488 sunt
1130 2438 1297 2487 extra
1346 2426 1709 2488 Christum.”
1792 2427 2045 2502 Rursus,
2101 2436 2139 2465 “
2166 2427 2254 2490 Et

502 2532 539 2559 ⁸‘
569 2522 839 2604 quamvis
863 2522 1036 2584 Deus
1062 2523 1238 2594 norit,
1256 2522 1358 2603 qui
1391 2522 1511 2584 sint
1539 2523 1650 2597 sui,
1678 2535 1739 2584 et
1769 2523 1989 2584 alicubi
2021 2524 2252 2586 mentio

502 2627 538 2655 ‘⁴
569 2621 675 2680 fiat
715 2619 1029 2703 paucitatis
1071 2619 1420 2691 electorum,
1449 2620 1602 2680 bene
1642 2619 2005 2703 sperandum
2041 2631 2136 2684 est
2160 2630 2274 2683 W·
2304 2631 2339 2674 ὓ
2384 2624 2418 2687 ε’·

500 2723 537 2752 “
566 2736 706 2777 men
735 2715 810 2776 de
837 2715 1138 2785 omnibus,
1162 2737 1356 2797 neque
1385 2727 1609 2776 temere
1638 2717 1904 2800 reprobis
1923 2694 2322 2800 quinum*
2414 2721 2418 2727 ⁴

499 2819 535 2848 ‘⁴
563 2823 654 2873 est
710 2811 1244 2873 annumerandus.”
1329 2812 1501 2886 Mox,
1550 2821 1585 2849 “
1615 2811 1699 2873 Et
1749 2835 1887 2874 cum
1937 2812 2091 2875 Luc.
2118 2813 2246 2875 xiii.

497 2916 533 2945 “
565 2919 868 2992 rogaretur
893 2908 1218 2982 Dominus,
1246 2908 1347 2969 An
1369 2909 1559 2990 pauci
1584 2909 1708 2970 sint
1736 2910 1842 2993 qm'
1866 2909 2248 2972 salvantur?

495 3014 533 3042 ‘⁴
563 3026 684 3066 non
716 3003 1034 3087 respondet
1053 3003 1359 3065 Dominus
1389 3026 1459 3065 ae
1479 3004 1646 3078 dicit,
1667 3027 1891 3088 paucos
1912 3017 2017 3067 aut
2042 3006 2243 3090 plures
2315 3039 2322 3045 -

496 3108 535 3136 ‘⁴
561 3097 689 3160 fore
715 3100 1033 3161 servandos
1070 3112 1173 3162 aut
1211 3099 1562 3184 perdendos,
1591 3101 1693 3162 sed
1726 3102 1997 3164 bortatur
2023 3102 2244 3187 potius,

495 3204 530 3234 ‘⁸
563 3207 629 3256 ut
656 3195 910 3278 quisque
948 3196 1274 3258 contendat
1312 3196 1541 3279 ingredi
1581 3220 1688 3281 per
1716 3210 1948 3282 portam
1993 3211 2242 3262 arenmss

496 3301 532 3328 ‘⁶
564 3292 748 3362 Quasi
774 3291 1010 3368 dixerit,
1024 3293 1304 3355 Vestrum
1339 3315 1460 3355 non
1489 3306 1582 3355 est
1608 3294 1685 3355 de
1717 3294 1810 3356 his
1838 3294 2128 3358 curiosius
2149 3295 2244 3357 ina

491 3392 529 3423 ‘⁸
559 3388 808 3469 quirere,
838 3388 940 3450 sed
973 3390 1165 3473 magis
1196 3389 1405 3462 anniti,
1436 3402 1503 3452 ut
1531 3412 1640 3474 per
1666 3404 1892 3453 rectam
1920 3390 2080 3453 viam
2111 3404 2298 3478 (κε-’,η

494 3486 532 3516 “
563 3478 686 3540 lum
734 3480 1201 3564 ingrediamini.”
1240 3484 1326 3566 (p.
1354 3493 1458 3554 34,
1484 3490 1613 3561 36.)
1698 3482 1950 3567 Belgica
1988 3482 2238 3565 quidem
2357 3476 2363 3482 ⁴

494 3575 733 3638 fortius:
775 3588 812 3616 ‘⁶
834 3579 1152 3642 Credimus
1183 3580 1387 3642 Deum
1418 3586 1836 3664 (posteaquam
1866 3592 1994 3643 tota
2011 3580 2235 3644 Adami
