2418 4172
550 373 655 427 DE
694 372 1263 426 CONVERSIONIS
1302 372 1540 427 MODO.
1804 375 1899 428 481

173 512 332 586 dem,
371 524 433 574 et
475 516 846 575 servatorem
891 536 1066 575 suum
1114 514 1379 596 diligere,
1421 513 1611 574 sciant
1656 535 1724 574 ac
1775 537 1909 576 sen-

173 593 344 656 tiant.

959 677 1133 738 XIV.

255 759 358 821 Sic
379 781 523 841 ergo
550 758 698 820 fides
725 758 844 819 Dei
874 757 1100 819 donum
1130 769 1241 832 est,
1270 779 1393 818 non
1420 779 1493 819 eo
1520 756 1679 838 quod
1711 780 1745 819 a
1773 758 1909 820 Deo

174 838 437 902 hominis
479 840 720 902 arbitrio
761 839 1056 912 offeratur,
1089 839 1191 899 sed
1236 838 1396 918 quod
1441 839 1674 899 homini
1719 841 1910 923 reipsa

172 923 531 994 conferatur,
580 920 917 1003 inspiretur,
967 932 1028 981 et
1085 920 1450 981 infundatur.
1533 920 1676 980 Non
1726 924 1907 983 etiarn

171 1002 334 1084 quod
389 1002 559 1063 Deus
618 1002 947 1084 potentiam
998 1002 1275 1063 credendi
1334 1013 1568 1063 tantum
1629 1004 1912 1078 conferat,

171 1103 530 1145 consensum
559 1106 697 1143 vero
725 1106 826 1144 seu
858 1096 1058 1145 actum
1091 1084 1370 1145 credendi
1401 1086 1476 1145 ab
1518 1085 1779 1146 hominis
1808 1086 1911 1147 de-

170 1164 312 1228 inde
337 1166 582 1228 arbitrio
618 1178 914 1248 expectet,
942 1167 1065 1240 sed,
1094 1167 1255 1248 quod
1291 1178 1353 1227 et
1378 1166 1529 1227 velle
1564 1167 1821 1242 credere,
1851 1181 1912 1228 et

169 1245 371 1329 ipsum
398 1248 638 1309 credere
674 1247 735 1308 in
781 1249 1027 1309 homine
1066 1249 1114 1309 is
1149 1248 1384 1321 efficiat,
1412 1249 1513 1329 qui
1544 1260 1823 1331 operatur
1849 1261 1912 1311 et

170 1329 324 1391 velle
350 1341 413 1391 et
438 1330 651 1402 facere,
669 1330 934 1412 adeoque
962 1331 1166 1473 {ania
1186 1342 1464 1413 operatur
1492 1331 1553 1390 in
1582 1331 1882 1392 omnibus.

256 1494 441 1558 Hanc
481 1495 730 1577 gratiam
762 1495 947 1556 Deus
985 1495 1210 1556 nemini
1254 1494 1450 1557 debet.
1538 1495 1702 1565 Quid
1743 1495 1907 1556 enim

171 1574 388 1639 debeat
413 1577 489 1651 ei,
515 1578 618 1658 qui
694 1577 811 1637 rior
837 1577 977 1637 dare
1006 1578 1156 1638 nihil
1188 1589 1404 1658 potest,
1435 1589 1502 1639 ut
1539 1579 1592 1638 ei
1623 1577 1914 1638 retribua-

170 1658 308 1720 tur?
347 1658 487 1720 Imo
525 1659 630 1739 qui
720 1658 936 1719 debeat
978 1659 1054 1731 ei,
1092 1658 1197 1738 qui
1240 1658 1316 1718 de
1365 1682 1474 1719 suo
1514 1659 1665 1719 nihil
1712 1660 1912 1733 habet,

168 1750 385 1833 preter
408 1752 726 1822 peccatum
757 1750 819 1799 et
847 1740 1269 1800 mendacium?
1313 1741 1432 1808 Qui
1478 1762 1620 1821 ergo
1657 1740 1907 1821 gratiam

169 1820 346 1886 luam.
367 1822 603 1904 accipit,
630 1822 737 1882 soli
768 1821 906 1881 Deo
933 1834 1181 1882 aeternas
1210 1820 1389 1881 debet
1418 1833 1480 1881 et
1508 1822 1633 1902 agit
1660 1822 1911 1903 gratias;

170 1902 275 1984 qui
307 1903 469 1964 illam
503 1926 622 1964 non
654 1903 891 1984 accipit,
918 1904 968 1963 is
1008 1915 1112 1963 aut
1145 1904 1278 1963 baec
1307 1904 1637 1984 spiritualia
1664 1904 1913 1964 omnino

171 2006 293 2045 non
321 1997 507 2058 curat,
534 1999 597 2047 et
634 1985 696 2044 in
739 2006 848 2045 suo
886 1985 999 2045 sibi
1042 1985 1269 2066 placet:
1314 1996 1417 2045 aut
1445 2007 1684 2046 securus
1714 2008 1776 2046 se
1806 1986 1912 2046 ba-

173 2067 312 2127 bere
354 2067 609 2127 inaniter
636 2066 939 2147 gloriatur,
967 2065 1130 2146 quod
1174 2088 1293 2125 non
1336 2067 1535 2126 habet.
1623 2068 1803 2126 Porro
1837 2067 1913 2127 de

172 2148 270 2221 iis,
302 2149 406 2229 qui
457 2161 701 2209 externe
746 2147 929 2223 fidem
973 2149 1348 2230 profitentur,
1383 2159 1445 2207 et
1480 2148 1666 2208 vitam
1709 2170 1914 2209 emen·

172 2229 340 2303 dant,
366 2231 596 2312 optime
624 2229 953 2290 secundum
995 2230 1344 2311 exemplum
1389 2230 1789 2311 apostolorum
1812 2230 1913 2309 ju·

169 2311 494 2374 dicandum
535 2325 598 2373 et
638 2311 1004 2391 loquendum
1046 2324 1156 2385 est,
1197 2311 1525 2393 penetralia
1563 2312 1725 2372 enim
1769 2334 1901 2373 cor-

170 2393 338 2455 dium
369 2394 542 2455 nobis
571 2405 712 2454 sunt
750 2394 1136 2475 incomperta.
1222 2394 1337 2453 Pro
1378 2394 1509 2453 aliis
1552 2405 1750 2454 autem
1795 2394 1900 2474 qui

171 2474 439 2538 nondum
471 2487 612 2536 sunt
635 2475 849 2548 vocati,
869 2475 1127 2535 orandus
1156 2486 1246 2535 est
1273 2475 1465 2547 Deus,
1485 2476 1587 2555 qui
1618 2498 1753 2556 quae
1780 2498 1902 2536 non

171 2551 315 2619 sunt
343 2569 518 2619 vocat
558 2566 844 2638 tanquam
892 2557 1027 2617 sint.
1113 2557 1491 2637 Neutiquam
1531 2579 1670 2616 vero
1714 2557 1916 2617 adver-

173 2660 274 2731 sus
301 2661 403 2700 eos
431 2652 524 2700 est
551 2638 1041 2721 superbiendum,
1069 2661 1139 2699 ac
1174 2639 1221 2698 si
1267 2639 1668 2720 nosmetipsos
1699 2638 1916 2699 discre-

172 2741 483 2782 vissemus.

958 2803 1133 2864 XVI.

183 2917 187 2922 ·
258 2884 450 2947 Sicuti
478 2907 620 2945 vero
659 2907 764 2966 per
794 2884 1028 2966 lapsum
1077 2886 1263 2946 homo
1301 2908 1419 2945 non
1450 2885 1623 2944 desiit
1652 2906 1778 2944 esse
1809 2885 1918 2946 ho-

178 2967 631 3041 mo,.intellectu
674 2979 735 3027 et
762 2967 1069 3028 voluntate
1108 2967 1408 3050 proeditus,
1438 2989 1547 3027 nec
1581 2980 1917 3048 peccatum,

175 3048 337 3130 quod
368 3049 709 3110 universum
741 3051 929 3129 gebus
960 3048 1293 3113 humanum
1340 3048 1613 3131 pervasit,
1641 3060 1914 3109 naturam

177 3134 409 3212 generis
453 3131 700 3191 humani
747 3128 1006 3204 sustulit,
1033 3131 1135 3192 sed
1179 3131 1540 3223 depravavit,
1575 3143 1637 3191 et
1680 3130 1916 3213 spiritu-

178 3213 348 3272 aliter
387 3213 650 3282 occidit;
697 3212 777 3272 ita
815 3211 995 3272 etiam
1045 3212 1171 3274 baec
1213 3213 1413 3274 divina
1455 3212 1915 3294 regenerationis

179 3294 387 3375 gratia,
426 3316 548 3354 non
592 3294 715 3375 agit
754 3294 814 3353 in
864 3294 1208 3356 hominibus
1252 3308 1536 3375 tanquam
1583 3295 1807 3355 truncis
1855 3308 1917 3356 et

179 3376 505 3459 stipitibus,
535 3398 646 3436 nec
675 3375 1042 3436 voluntatem
1089 3377 1335 3456 ejusque
1374 3377 1763 3470 proprietates
1801 3377 1918 3437 tol-

178 3458 268 3531 lit,
294 3470 398 3518 aut
428 3458 676 3518 invitam
710 3457 999 3518 violenter
1027 3459 1207 3540 cogit,
1235 3458 1337 3519 sed
1366 3458 1750 3541 spiritualiter
1770 3458 1919 3520 vivi-

179 3540 340 3614 ficat,
368 3553 558 3613 sanat,
590 3539 851 3622 corrigit,
880 3540 1137 3600 suaviter
1165 3540 1343 3601 simul
1385 3563 1455 3602 ac
1483 3535 1756 3634 potenter
1782 3541 1920 3603 flec-

179 3622 289 3681 titt
331 3634 401 3683 ut
442 3623 541 3683 ubi
589 3633 762 3683 antea
800 3623 974 3704 plene
1002 3621 1421 3684 dominabatur
1448 3644 1640 3715 carnis
1675 3623 1918 3684 rebellio
2011 3647 2020 3651 ·

1644 3731 1681 3747 κ’
