2418 4172
343 365 452 418 DE
494 364 1151 420 PERSEVERANTIA
1192 366 1692 421 SANCTORUM.
1832 372 1937 426 us

198 504 420 578 decuit,
447 506 596 567 citra
623 527 866 568 omnem
900 507 1232 581 veritatem,
1262 506 1627 589 equitatem,
1656 520 1718 570 et
1746 510 1940 573 chari·

198 589 1065 732 t”⁸1⁸3¹¹1¹)’oiitorriiiinciti·{tenellieastiiiiii
1073 591 1647 732 tiiofflffinintamm
1686 670 1762 732 de
1792 695 1940 754 prae-

198 758 234 786 “
261 751 658 813 destinatione
699 764 761 813 et
802 754 1051 813 annexis
1088 753 1143 812 ei
1178 753 1495 835 capitibus,
1522 755 1762 834 proprio
1793 776 1941 835 quo-

198 842 235 870 “
263 833 406 895 dam
450 835 630 916 genio
672 845 855 915 atque
897 834 1181 915 impulsu,
1220 834 1452 895 animos
1502 834 1818 897 hominum
1863 838 1940 898 ab

198 925 238 953 ‘⁶
262 915 432 978 omni
515 915 692 975 ietate
720 927 782 975 et
811 914 1098 997 religione
1129 915 1457 977 abducere:
1501 938 1629 977 esse
1659 918 1851 979 carnis
1880 930 1942 980 et

197 1003 237 1035 “
259 997 464 1059 Diabo
491 997 508 1056 i
536 997 830 1079 pulvinar,
859 1018 1178 1080 arcemque
1207 998 1464 1072 Satanae,
1491 1020 1566 1060 ex
1598 1021 1719 1080 qua
1747 1002 1942 1061 omni-

198 1088 237 1117 “
265 1080 378 1140 bus
419 1077 752 1153 insidietur,
798 1079 1087 1160 plurimos
1138 1081 1382 1154 sauciet,
1423 1092 1484 1141 et
1535 1082 1756 1142 multos
1807 1093 1938 1144 tum

198 1168 238 1199 “
262 1160 712 1243 desperationis,
733 1173 865 1222 turn
898 1162 1228 1224 securitatis
1240 1163 1459 1242 jaculis
1481 1162 1781 1225 lethaliter
1800 1187 1943 1226 con-

198 1252 238 1281 “
265 1245 447 1326 figat:
490 1242 741 1304 eandem
772 1244 964 1304 facere
992 1244 1195 1306 Deum
1229 1245 1540 1306 authorem
1572 1247 1823 1328 peccati,
1852 1247 1943 1308 in-

199 1324 512 1406 “justum,
556 1337 901 1407 tyrannum,
948 1326 1366 1409 hypocritam3
1425 1349 1537 1388 nec
1593 1328 1757 1389 aliud
1812 1350 1941 1391 esse

200 1414 238 1444 “
310 1429 448 1469 uam
490 1408 912 1491 interpolatum
963 1409 1373 1483 Stoicismum,
1405 1409 1940 1487 Manicheismum,

200 1497 241 1526 “
265 1430 792 1565 {ibertinismum‚
812 1490 1195 1552 Turcismum
1221 1515 1236 1551 ε
1279 1491 1531 1552 eandem
1564 1492 1806 1554 reddere
1835 1494 1943 1555 ho-

200 1579 240 1608 “
272 1573 464 1634 mines
506 1572 820 1634 carnaliter
861 1594 1118 1647 securos,
1147 1574 1371 1657 quippe
1414 1596 1491 1635 ex
1527 1596 1599 1635 ea
1630 1598 1941 1658 persuasos

199 1662 239 1693 “
264 1655 593 1716 electorum
624 1655 823 1727 saluti,
854 1654 1404 1736 quomodocunque
1430 1656 1654 1729 vivant,
1685 1679 1806 1718 non
1836 1660 1943 1720 ob-

199 1742 241 1773 “
269 1757 419 1808 esse,
450 1735 704 1817 ideoque
745 1758 846 1796 eos
888 1759 1094 1797 secure
1137 1738 1507 1799 atrocissima
1533 1760 1787 1820 quaeque
1815 1762 1942 1801 soe-

199 1825 242 1855 “
267 1818 391 1880 lera
435 1839 611 1901 posse
656 1829 1033 1901 perpetrare3
1084 1819 1350 1901 reprobis
1395 1819 1470 1879 ad
1512 1820 1767 1882 salutern
1818 1844 1941 1882 non

198 1908 241 1937 ‘⁸
266 1900 566 1984 prodesse,
597 1900 646 1960 si
675 1901 766 1960 vel
798 1901 1003 1961 omnia
1031 1913 1377 1962 sanctorum
1406 1924 1585 1984 opera
1614 1923 1751 1963 vere
1787 1904 1944 1965 fece-

0 1996 8 2010 ’
91 2053 98 2058 ·
200 1990 244 2020 “
269 1983 429 2043 rint:
474 1981 684 2043 eadem
713 1982 913 2043 doceri
942 1982 1150 2043 Deum
1182 1983 1344 2043 nudo
1371 2005 1641 2066 puroque
1668 1986 1943 2048 volunta-

201 2074 244 2103 “
271 2065 349 2126 tis
392 2065 653 2138 arbitrio,
683 2065 909 2144 absque
951 2065 1115 2125 omni
1160 2065 1341 2144 ullius
1382 2066 1611 2147 peccati
1647 2080 1941 2150 respectu,

201 2155 241 2186 “
267 2148 366 2208 vel
402 2147 647 2220 intuitu,
678 2148 1004 2207 maximam
1047 2146 1258 2207 mundi
1293 2159 1524 2230 partem
1555 2148 1629 2208 ad
1657 2160 1937 2211 aeternam

200 2237 241 2267 “
269 2229 716 2290 damnationem
773 2229 1223 2312 praedestinasse
1278 2241 1338 2289 et
1396 2252 1663 2291 creasse:
1726 2231 1941 2293 eodem

201 2321 243 2351 “
275 2311 475 2386 modo,
495 2333 618 2392 quo
644 2312 858 2372 electio
884 2324 975 2372 est
1002 2312 1135 2372 fons
1163 2324 1225 2372 et
1252 2333 1460 2373 caussa
1486 2312 1625 2372 fidei
1654 2335 1724 2373 ac
1755 2315 1943 2375 bono-

201 2403 239 2431 “
266 2415 404 2456 rum
432 2415 706 2477 operum,
735 2395 1212 2477 reprobationem
1254 2416 1383 2455 esse
1422 2416 1691 2455 caussam
1731 2396 1942 2457 infide-

201 2476 456 2539 “litatis
498 2487 560 2536 et
603 2476 963 2559 impietatis:
1008 2476 1232 2537 multos
1275 2476 1545 2538 fidelium
1580 2477 1834 2539 infantes
1865 2480 1941 2539 ab

202 2567 242 2597 “
272 2559 552 2623 uberibus
595 2572 858 2619 matrum
903 2559 1179 2620 innoxios
1224 2559 1412 2652 abripi
1441 2570 1504 2619 et
1531 2561 1841 2641 tyrannice
1877 2562 1940 2621 in

200 2649 241 2679 “
271 2642 610 2725 gehennam
649 2641 1023 2724 praecipitari,
1057 2640 1204 2702 adeo
1243 2652 1311 2701 ut
1349 2641 1418 2701 iis
1448 2663 1559 2702 nec
1590 2643 1939 2724 baptismuS,

202 2733 241 2761 “
271 2746 385 2786 nec
411 2723 699 2786 Ecclesiae
742 2724 801 2783 in
848 2746 1052 2784 eorum
1101 2724 1399 2806 baptismo
1434 2746 1635 2805 preces
1663 2724 1941 2806 prodesse

202 2815 242 2844 “
270 2806 544 2889 queant.”
611 2806 696 2867 Et
737 2828 872 2886 quae
915 2806 1043 2885 ejus
1087 2806 1318 2887 generis
1354 2817 1494 2864 sunt
1523 2806 1637 2864 alia
1665 2807 1939 2887 plurima,

202 2911 341 2971 quae
358 2888 647 2950 Ecclesiae
670 2888 1037 2949 Reformatae
1067 2910 1184 2948 non
1217 2888 1407 2947 solum
1440 2909 1559 2947 non
1590 2900 1943 2968 agnoscunt,

202 2972 305 3034 sed
362 2973 544 3033 etiam
595 2983 725 3031 toto
767 2981 1006 3053 pectore
1048 2970 1434 3030 detestantur.
1521 2969 1724 3037 Quare
1765 2983 1941 3051 quot-

201 3066 353 3137 quot
380 3076 601 3116 nomen
633 3051 958 3114 Servatoris
986 3053 1170 3113 nostri
1199 3053 1348 3112 Jesu
1377 3050 1600 3111 Christi
1644 3048 1742 3134 pie
1774 3052 1940 3115 invo-

31 3134 42 3142 ‘
153 3157 162 3165 ⁴
203 3148 363 3212 cant,
405 3159 507 3198 eos
556 3135 835 3218 Synodus
887 3134 1017 3195 haec
1067 3133 1522 3196 Dordrechtana
1646 3156 1674 3193 r
1718 3157 1938 3197 nomen

200 3219 453 3282 Domini
477 3219 828 3291 obtestatur,
848 3229 914 3277 ut
936 3217 1011 3278 de
1027 3217 1433 3278 Ecclesiarum
1456 3215 1548 3276 Re
1573 3229 1950 3280 ormatarum·

203 3301 344 3375 fide,
373 3323 495 3361 non
525 3322 602 3360 ex
631 3300 989 3360 coacervatis
1020 3299 1160 3359 hinc
1191 3299 1327 3359 inde
1357 3298 1695 3373 calumniis,
1725 3300 1816 3360 vel
1850 3313 1941 3363 et-

204 3385 323 3445 iam
361 3382 603 3466 privatis
633 3382 1081 3455 nonnullorum,
1108 3394 1236 3442 tum
1269 3392 1534 3441 veterum
1574 3394 1702 3441 tum
1740 3404 1941 3445 recen-

203 3466 358 3527 tium
401 3464 711 3526 doctorum
756 3463 951 3538 dictis,
983 3486 1141 3547 saepe
1170 3463 1348 3523 etiam
1382 3474 1483 3523 aut
1517 3464 1671 3523 mala
1712 3465 1830 3525 fide
1858 3466 1942 3527 ci·-

203 3549 364 3622 tatis,
393 3559 498 3610 aut
538 3547 851 3641 corruptis,
880 3558 942 3607 et
983 3547 1044 3607 in
1089 3546 1348 3607 alienum
1395 3566 1638 3606 sensum
1675 3545 1941 3624 detortis,

206 3630 308 3692 sed
330 3653 405 3692 ex
428 3630 683 3714 publicis
707 3651 970 3712 ipsarum
997 3628 1402 3690 Ecclesiarum
1427 3628 1940 3707 ConfessionibuS,
2012 3646 2021 3651 ⁴

1645 3731 1681 3746 l
