2418 4172
0 3828 70 4172 ms
0 3980 2 3983 ’
2 3860 42 3885 ,ζ’
0 3453 30 3839 *sasnuwtww
14 3391 19 3418 ·
0 3245 21 3286 ‘⁵'

581 343 1140 401 AUGUSTANA
1190 343 1554 398 MDxxxl.
1839 348 1943 406 149

194 486 587 571 Nuptiarum,
607 487 781 566 cujus
809 507 932 546 non
961 496 1052 546 est
1080 484 1224 546 levis
1246 484 1550 557 autoritas,
1571 484 1806 547 etiamsi
1836 489 1937 550 alii

192 575 403 654 postea
428 570 600 631 aliter
627 579 955 631 senserunt.

277 653 644 734 Quanquam
674 662 875 714 autem
905 647 1257 710 mandatum
1290 647 1408 708 Dei
1438 648 1515 708 de
1542 647 1826 728 conjugio
1854 651 1941 710 vi-

191 731 406 797 deatur
460 735 775 818 plerosque
835 731 1080 792 liberare
1130 753 1165 791 a
1214 730 1390 804 votis,
1433 741 1635 791 tamen
1687 732 1940 793 afferunt

190 817 380 878 nostri
422 829 484 878 et
526 817 702 878 aliam
747 814 1041 875 rationem
1084 812 1161 874 de
1202 815 1375 887 votis,
1401 812 1564 894 quod
1605 813 1726 874 sint
1756 814 1936 888 irrita,

237 898 336 960 uia
362 899 560 960 omnis
590 899 787 960 cultus
814 897 956 970 Dei,
987 898 1062 957 ab
1095 896 1445 957 hominibus
1484 895 1612 956 sine
1651 896 1936 958 mandato

188 919 311 1043 {ei
354 980 663 1043 institutus
700 992 763 1041 et
798 981 1023 1041 electus
1053 978 1126 1040 ad
1155 977 1616 1062 promerendam
1641 978 1939 1059 justifica-

187 1062 418 1125 tionem
461 1075 524 1125 et
671 1064 840 1135 tiam,
881 1061 1104 1145 impius
1146 1073 1255 1137 est,
1295 1061 1450 1123 sicut
1491 1061 1769 1123 Christus
1814 1063 1935 1123 aitz

190 1144 454 1209 stra-stra
481 1168 547 1209 co
573 1155 685 1208 unt
722 1167 818 1207 me
853 1146 1161 1207 mandatis
1195 1145 1515 1206 hominum.
1602 1144 1686 1205 Et
1715 1145 1935 1207 Paulus

187 1229 417 1311 ubique
469 1229 667 1304 docet,
704 1229 1003 1309 justitiam
1064 1250 1185 1289 non
1242 1250 1370 1288 esse
1426 1227 1810 1309 quaerendam
1858 1251 1936 1290 ex

188 1312 407 1373 nostris
443 1311 957 1374 observationibus
995 1322 1055 1372 et
1096 1310 1379 1383 cultibus,
1408 1310 1512 1392 qui
1544 1310 1665 1371 sint
1692 1312 1935 1394 excogi-

189 1393 297 1455 tati
342 1394 420 1455 ab
464 1394 832 1467 hominibus,
865 1393 969 1455 sed
1012 1393 1358 1475 contingere
1401 1415 1535 1453 eam
1580 1415 1689 1476 per
1732 1397 1935 1468 fldem,

188 1475 571 1619 &dentibus
627 1499 691 1538 se
747 1476 929 1559 recipi
987 1476 1050 1537 in
1107 1477 1359 1558 gratiam
1418 1498 1453 1536 a
1498 1475 1635 1537 Deo
1690 1488 1937 1560 propter

290 1571 524 1620 rustum.

270 1640 528 1701 Constat
569 1652 769 1701 autem
819 1640 1148 1700 monachos
1179 1638 1470 1713 docuisse,
1498 1639 1660 1719 quod
1690 1640 1935 1701 factitiae

185 1721 504 1805 religiones
548 1722 914 1782 satisfaciant
954 1743 1065 1803 pro
1107 1721 1389 1814 peccatis,
1419 1732 1763 1782 mereantur
1804 1744 1936 1804 gra-

183 1803 335 1866 tiam
363 1815 427 1866 et
442 1803 975 1884 justificationem:
1020 1803 1165 1884 quld
1198 1803 1315 1864 hoc
1336 1814 1428 1863 est
1449 1802 1631 1878 aliud,
1652 1826 1835 1884 quam
1860 1804 1936 1866 de

186 1887 377 1970 gloria
402 1886 629 1948 Christi
658 1886 990 1960 detrahere,
1017 1898 1079 1946 et
1106 1887 1422 1947 obscurare
1454 1908 1523 1946 ac
1552 1908 1771 1969 negare
1800 1887 1935 1967 jus—

186 1970 384 2031 titiam
418 1969 602 2030 fidei?
645 1970 915 2051 sequitur
944 1970 1143 2050 igitur,
1163 1969 1279 2029 ista
1307 1980 1447 2028 vota
1474 1969 1693 2030 usitata
1714 1970 1934 2053 impios

184 2053 387 2114 cultus
429 2051 629 2126 fuisse,
670 2074 855 2133 quare
898 2062 1038 2111 sunt
1079 2051 1259 2111 irrita.
1345 2051 1508 2111 Nam
1556 2062 1765 2113 votum
1817 2053 1936 2113 im-

186 2134 382 2219 pium,
408 2145 471 2195 et
499 2134 725 2196 factum
756 2145 963 2195 contra
992 2134 1275 2194 mandata
1301 2133 1443 2207 Dei,
1473 2156 1595 2194 non
1631 2136 1805 2209 valet,
1833 2158 1936 2196 ne-

185 2237 308 2299 que
341 2217 503 2278 enim
535 2217 716 2278 debet
744 2229 951 2278 votum
984 2217 1295 2277 vinculum
1326 2238 1454 2276 esse
1483 2216 1837 2298 iniquitatis,
1866 2229 1935 2279 ut

184 2321 382 2361 canon
409 2299 575 2360 dicit.
1086 2315 1099 2330 ⁵

269 2381 490 2443 Paulus
532 2381 712 2443 dicit:
770 2381 1091 2443 Evacuati
1138 2381 1284 2442 estis
1332 2402 1372 2440 a
1422 2381 1681 2456 Christo,
1716 2383 1823 2465 qui
1869 2383 1934 2443 in

185 2462 788 2548 legejustg’ficamim',
818 2486 858 2525 a
878 2465 1095 2548 gratia
1124 2464 1447 2524 excidistis.
1534 2464 1700 2545 Ergo
1729 2465 1935 2537 etiam,

181 2548 291 2630 qui
321 2548 475 2608 votis
494 2547 813 2628 justificari
851 2549 1082 2620 volunt,
1110 2556 1477 2607 evacuantur
1515 2568 1550 2606 a
1578 2547 1842 2620 Christo,
1871 2558 1934 2608 et

184 2652 223 2692 a
263 2630 453 2713 gratia
492 2631 800 2692 excidunt.
863 2630 1050 2691 'Nam
1096 2640 1158 2689 et
1201 2629 1285 2704 hi,
1314 2629 1417 2709 qui
1464 2629 1615 2689 votis
1658 2630 1933 2691 tribuunt

174 2712 692 2792 justificationem,
712 2713 988 2773 tribuunt
1016 2712 1270 2807 propriis
1298 2711 1580 2794 operibus
1611 2712 1744 2786 hoc,
1767 2712 1931 2792 quod

184 2795 425 2877 proprie
471 2795 545 2856 ad
591 2797 841 2877 gloriam
886 2795 1114 2856 Christi
1162 2794 1438 2878 pertinet.
1526 2795 1747 2874 Neque
1790 2816 1933 2855 vero

186 2877 389 2959 negari
433 2888 650 2960 potest,
678 2878 827 2958 quin
864 2878 1147 2938 monachi
1187 2876 1518 2949 docuerint,
1547 2899 1610 2936 se
1651 2898 1758 2957 per
1791 2888 1931 2937 vota

186 2969 250 3019 et
290 2959 730 3020 observationes
774 2982 908 3021 suas
941 2960 1259 3041 justificari
1294 2971 1357 3020 et
1391 2959 1602 3019 mereri
1632 2959 1932 3019 remissio-

188 3062 330 3102 nem
371 3052 774 3123 peccatorum,
801 3043 927 3116 imo
965 3042 1327 3103 affinxerunt
1368 3040 1732 3113 absurdiora,
1762 3040 1930 3101 dixe-

187 3135 329 3184 runt
366 3145 429 3183 se
467 3124 598 3185 aliis
638 3124 897 3186 mutuari
934 3147 1040 3186 sua
1074 3147 1272 3208 opera.
1360 3124 1515 3185 Haec
1544 3124 1592 3183 si
1622 3123 1756 3203 quis
1784 3124 1929 3184 velit

186 3205 391 3267 odiose
412 3227 786 3288 exaggerare,
809 3229 989 3289 quam
1022 3209 1214 3268 multa
1243 3206 1433 3290 possit
1461 3206 1758 3287 colligere,
1780 3227 1929 3286 quo-

186 3310 321 3350 rum
340 3288 471 3369 jam
505 3289 664 3370 ipsos
694 3290 1021 3350 monachos
1060 3289 1266 3372 pudet.
1350 3288 1582 3350 Adbaec
1623 3309 1929 3370 persuase-

185 3382 329 3432 runt
396 3371 761 3444 hominibus,
816 3371 1072 3432 factitias
1129 3371 1444 3453 religiones
1510 3392 1637 3430 esse
1701 3380 1927 3432 statum

185 3453 546 3515 Christianae
580 3453 979 3537 perfectionis.
1060 3454 1162 3514 An
1199 3474 1320 3513 non
1360 3463 1452 3513 est
1489 3452 1609 3514 hoc
1626 3451 1924 3533 justifica·

185 3536 415 3598 tionem
454 3537 716 3598 tribuere
753 3535 1077 3620 operibus?
1119 3535 1263 3596 Non
1293 3546 1386 3597 est
1413 3535 1541 3596 leve
1577 3535 1924 3599 scandalum

187 3618 250 3679 in
278 3621 530 3683 ecclesia
555 3620 784 3703 populo
812 3641 1143 3703 proponere
1170 3630 1402 3680 certum
1437 3618 1669 3680 cultum
1702 3620 1780 3681 ab
1817 3618 1929 3681 ho-
2011 3687 2020 3691 ,

898 3729 911 3742 ·
1006 3722 1043 3761 1.
1069 3712 1107 3764 3

1680 3775 1714 3788 ae'
