2418 4172
809 325 1353 382 HELVETICA.
1884 327 1958 385 89

200 473 387 537 uiam.
471 470 722 533 Interim
759 479 883 532 non
924 488 1219 549 negamus
1249 478 1313 528 et
1350 466 1693 528 Dominum
1733 468 1957 549 glorioe,

187 554 370 652 juxta
396 555 579 615 verba
619 552 808 627 Pauli,
837 551 1194 614 crucifixum
1235 572 1365 611 esse
1398 570 1508 632 pro
1546 550 1737 623 nobis,
1764 569 1784 609 1
1815 550 1955 612 Cor.

197 637 263 701 ii.
346 637 511 700 Nam
553 634 1162 698 communicationem
1212 632 1590 704 idiomatum,
1632 654 1708 693 ex
1752 632 1953 714 Scrip-

198 719 349 784 turis
386 719 662 804 petitam,
689 716 750 779 et
790 720 867 779 ab
905 717 1179 778 universa
1212 727 1509 776 vetustate
1553 715 1613 775 in
1652 715 1956 797 explican-

197 802 293 866 di·
328 800 884 896 componendisque
919 800 1359 882 scripturarum
1403 798 1547 858 locis
1588 797 1649 857 in
1689 798 1950 879 speciem

19 951 30 963 ,1
191 886 608 972 ,Ριιςηιηῐὼιιε
645 895 1016 966 usurpatam,
1047 882 1319 965 religiose
1347 892 1408 942 et
1437 893 1775 942 reverenter
1808 881 1956 942 reci-

22 1042 38 1057 ,
196 969 400 1055 pimus
428 979 490 1030 et
517 989 895 1050 usurpamus.

207 1078 215 1086 ·
281 1050 603 1114 Credimus
624 1063 686 1111 et
705 1049 993 1111 docemus
1022 1047 1280 1109 eundem
1306 1047 1646 1108 Dominum
1679 1058 1951 1107 nostrum

195 1134 415 1209 Jqoum
444 1134 759 1195 Christum
789 1154 925 1193 vera
954 1154 1060 1192 sua
1089 1153 1285 1206 carne,
1313 1131 1372 1191 in
1401 1152 1519 1211 qua
1550 1130 1871 1191 crucifixus
1893 1141 1954 1190 et

203 1229 475 1285 mortuus
501 1217 715 1289 fuerat,
744 1238 778 1276 a
808 1214 1060 1275 mortuis
1090 1214 1496 1287 resurrexisse,
1525 1226 1588 1274 et
1623 1235 1743 1274 non
1774 1212 1955 1273 aliam

201 1322 314 1385 pro
335 1300 571 1385 sepulta
609 1299 920 1370 excitasse,
949 1310 1053 1358 aut
1091 1297 1367 1380 spiritum
1414 1318 1524 1380 pro
1550 1318 1728 1357 carne
1760 1318 1958 1356 susce-

247 1382 384 1460 isse,
424 1382 527 1444 sed
572 1382 883 1443 veritatem
929 1380 1192 1463 corporis
1236 1380 1568 1453 retinuisse,
1609 1379 1760 1439 Luc.
1791 1379 1955 1439 xxiv.

165 1494 171 1500 ·
412 1465 560 1527 dum
609 1464 886 1547 discipuli
937 1462 1066 1542 ejus
1118 1463 1546 1523 arbitrarentur
1593 1484 1657 1523 se
1698 1461 1955 1522 Domini

13 1606 18 1607 ff
201 1548 480 1632 spiritum
504 1545 723 1620 videre,
744 1546 997 1607 exhibet
1024 1545 1109 1605 eis
1134 1567 1347 1605 manus
1377 1558 1558 1625 atque
1587 1544 1791 1626 pedes,
1811 1546 1957 1625 stig-

202 1630 466 1693 matibus
507 1629 717 1709 utique
766 1629 1074 1689 clavorum
1123 1638 1187 1687 et
1228 1627 1546 1687 vulnerum
1597 1640 1854 1700 notatos,
1896 1638 1959 1687 et

0 1582 38 1809 b
201 1711 367 1776 addit
383 1734 403 1774 ε
438 1711 717 1793 Aspicite
736 1731 954 1772 manus
973 1730 1140 1770 meas
1162 1717 1223 1770 et
1232 1709 1420 1790 pedes
1440 1730 1601 1769 meos
1621 1734 1642 1769 .-
1678 1709 1824 1792 quia
1847 1730 1959 1792 ego

0 1816 30 1858 ν,
203 1795 335 1879 ipse
357 1816 510 1857 sum.
602 1795 989 1855 Contrectate
1014 1814 1111 1853 me
1146 1801 1206 1854 et
1231 1793 1432 1854 videte
1450 1817 1473 1852 .-
1517 1792 1665 1875 quia
1701 1792 1958 1873 spiritus

0 1845 34 1916 ἵ
203 1899 446 1943 mem
471 1884 533 1939 et
559 1897 698 1939 ossa
726 1900 843 1939 non
872 1877 1072 1948 habet,
1102 1877 1263 1937 sicut
1289 1876 1507 1938 videtis
1532 1897 1629 1936 me
1657 1875 1894 1937 habere.

284 1962 361 2024 Iu
388 1960 602 2023 eadem
639 1961 744 2022 illa
773 1977 951 2022 carne
990 1982 1097 2020 sua
1125 1959 1426 2020 credimus
1466 1958 1800 2019 ascendisse
1829 1959 1962 2019 Do-

0 2055 34 2116 {r
205 2044 441 2108 minum
471 2056 742 2104 nostrum
775 2044 989 2104 Jesum
1022 2043 1355 2116 Christum,
1386 2065 1565 2124 supra
1592 2064 1803 2102 omnes
1833 2065 1962 2103 coe-

204 2128 296 2190 los
320 2127 722 2211 ,aspectabiles
752 2127 812 2187 in
854 2126 1053 2209 ipsum
1085 2126 1308 2186 coelum
1356 2147 1726 2207 supremum,
1755 2125 1958 2185 sedem

203 2210 484 2274 videlicet
514 2209 633 2271 Dei
673 2221 736 2270 et
774 2210 1106 2282 beatorum,
1136 2207 1209 2269 ad
1249 2208 1558 2268 dexteram
1590 2207 1710 2268 Dei
1751 2209 1961 2282 Patris,

204 2304 361 2389 quc,
388 2293 498 2354 etsi
527 2303 590 2353 et
619 2292 824 2374 gloriae
854 2291 1303 2372 majestatisque
1331 2291 1696 2351 consortium
1728 2292 1962 2373 aequale

2 2371 30 2427 ³·-
205 2376 526 2460 significet,
554 2374 845 2517 accipitur
881 2386 1087 2435 tamen
1116 2384 1180 2434 et
1215 2395 1324 2456 pro
1353 2374 1486 2435 loco
1514 2386 1697 2446 certe,
1725 2373 1801 2435 de
1839 2396 1964 2455 quo

0 2437 42 2570 {-
204 2458 640 2541 in··Evaugelio
700 2479 932 2539 oquens
964 2456 1289 2528 Dominus,
1323 2456 1472 2517 dicit
1506 2458 1686 2518 Joan.
1730 2458 1849 2517 xiv.
1881 2457 1965 2518 Se

0 2554 4 2566 '
35 2574 38 2577 Δ
205 2542 515 2605 abiturum
544 2550 604 2603 et
639 2542 769 2602 suis
788 2549 1161 2623 paraturum
1191 2539 1401 2601 locum.
1487 2539 1606 2600 Sed
1635 2551 1699 2600 et
1726 2552 1966 2634 aposto-

207 2625 302 2688 lus
342 2626 573 2698 Petrus,
602 2625 809 2685 Actor.
840 2626 923 2685 iii.
961 2624 1220 2705 Oportet
1252 2622 1579 2697 Christum,
1608 2622 1824 2704 inquit,
1854 2645 1966 2684 coe-

209 2707 338 2771 Issus
355 2709 651 2790 accipere,
672 2729 863 2791 usque
891 2708 977 2768 ad
992 2716 1227 2788 tempus
1253 2707 1660 2768 restitutionis
1678 2707 1962 2767 omnium.

207 2790 510 2854 Excoelis
538 2803 741 2852 autem
779 2790 940 2851 idem
972 2790 1074 2851 ille
1112 2790 1332 2851 redibit
1361 2790 1422 2850 in
1455 2790 1778 2870 judicium,
1808 2802 1961 2862 tum,

206 2873 453 2957 quando
482 2896 723 2935 summa
751 2875 863 2934 erit
891 2874 950 2934 in
983 2873 1214 2935 mundo
1242 2873 1669 2934 consceleratio
1698 2884 1758 2932 et
1787 2872 1965 2932 Anti-

208 2956 468 3020 christus
494 2968 777 3040 corrupta
796 2957 1085 3039 religione
1106 2978 1262 3030 vera,
1285 2955 1707 3051 superstitione
1747 2955 1964 3037 impie-

211 3049 454 3122 tateque
486 3040 693 3101 omnia
728 3040 1018 3124 opplevit,
1059 3050 1123 3100 et
1165 3061 1455 3122 sanguine
1498 3051 1679 3119 atque
1722 3038 1968 3099 flamma

211 3121 547 3183 Ecclesiam
572 3123 893 3184 crudeliter
910 3122 1181 3197 vastavit,
1211 3122 1430 3183 Daniel
1463 3122 1544 3182 xi.
1585 3120 1835 3181 Redibit
1864 3142 1971 3181 au-

212 3216 338 3267 tem
368 3203 645 3265 Christus
674 3218 1006 3267 asserturus
1047 3228 1207 3279 suos,
1236 3218 1299 3266 et
1337 3205 1665 3265 aboliturus
1706 3202 1965 3263 adventu

213 3308 325 3348 suo
358 3285 824 3362 Antichristum‚
851 3288 1351 3368 judicaturusque
1378 3288 1544 3346 vivos
1577 3303 1641 3346 et
1681 3297 1967 3347 mortuos.

213 3370 559 3451 Resurgent
577 3369 741 3429 enim
776 3370 1015 3442 mortui,
1037 3382 1099 3429 et
1127 3370 1230 3449 qui
1257 3370 1356 3429 illa
1379 3368 1476 3428 die
1498 3374 1662 3450 (quae
1683 3369 1967 3430 omnibus

214 3452 522 3536 incognita
540 3464 635 3527 est
661 3453 971 3529 creaturis)
994 3452 1342 3534 superstites
1371 3450 1554 3513 futuri
1586 3462 1746 3526 suut,
1769 3464 1970 3513 muta-

217 3537 445 3598 b'untur
501 3536 561 3596 in
623 3546 933 3596 momento
974 3534 1158 3608 oculi,
1202 3533 1529 3616 fidelesque
1577 3556 1789 3596 omnes
1847 3557 1969 3598 una

196 3619 457 3681 -obviam
488 3618 736 3680 Christo
766 3618 1072 3702 rapientur
1099 3616 1162 3678 in
1199 3640 1354 3694 aera,
1383 3630 1453 3681 ut
1487 3617 1631 3681 inde
1656 3641 1797 3680 cum
1840 3620 1971 3703 ipso
2010 3687 2018 3691 ,

1049 3720 1093 3761 D
1124 3713 1161 3762 4

1660 3758 1685 3766 ae

1678 3775 1713 3788 κ’
