2418 4172
487 354 595 404 248
1116 348 1603 402 GONPESSIO

496 492 842 576 proeceperit
887 490 1073 552 audiri
1114 491 1358 565 Filium,
1395 504 1456 552 et
1504 489 1787 551 custodiri
1824 491 2245 575 Evangelium,

496 575 658 657 quod
702 588 790 635 est
836 573 1173 635 mirandum
1220 574 1526 636 decretum
1574 573 1872 657 prolatum
1913 596 1990 636 ex
2029 596 2247 638 arcano

499 659 750 720 consilio
779 658 1128 733 divinitatis,
1146 680 1283 718 cum
1319 658 1592 751 ignotum
1624 668 1781 717 esset
1808 658 2093 720 omnibus
2119 680 2247 719 cre·

500 744 720 803 aturis:
767 742 1028 801 maxime
1078 764 1475 802 necessarlum
1525 753 1635 814 est,
1675 762 1874 800 veram
1922 740 1999 800 de
2040 739 2249 802 remis·

505 826 670 885 sione
698 824 1033 885 doctrinam
1064 824 1300 884 retineri
1333 825 1755 905 incorruptam.

587 907 706 968 Sed
748 907 1029 967 omnibus
1068 908 1343 968 aetatibus
1377 906 1514 968 inde
1545 928 1733 986 usque
1764 928 1796 966 a
1827 906 2036 989 primis
2066 904 2257 990 patri·

504 991 617 1051 bus
660 1013 875 1072 sparsae
919 1003 1061 1049 sunt
1103 991 1416 1072 praestigiae
1448 1013 1481 1050 a
1509 989 1783 1061 diabolis,
1810 1000 2018 1050 contra
2045 985 2258 1050 versili

500 1072 838 1134 doctrinam
878 1071 953 1131 de
985 1071 1141 1131 Filio
1170 1073 1310 1146 Dei,
1337 1073 1664 1155 praesertim
1712 1074 1772 1132 in
1814 1072 1930 1133 hoc
1965 1071 2250 1133 articuloz

503 1178 653 1236 quos
683 1167 884 1214 tamen
930 1153 1184 1214 subinde
1225 1154 1504 1216 refutavit
1531 1154 1722 1229 Deus,
1750 1155 2023 1216 excitatis
2050 1175 2252 1216 rursus

507 1238 678 1299 bonis
707 1236 1070 1310 doctoribus,
1095 1258 1170 1296 ne
1198 1236 1470 1297 funditus
1500 1237 1768 1297 interiret
1789 1237 2080 1298 Ecclesia.
2137 1237 2254 1298 Os·

506 1320 830 1380 tenderunt
850 1318 1071 1392 Adam,
1099 1319 1271 1392 Seth,
1302 1319 1505 1392 Nohe,
1527 1319 1693 1391 Sem,
1711 1318 2044 1393 Abraham,
2062 1318 2255 1394 Isaac,

502 1402 720 1475 Jacob,
763 1413 826 1461 et
873 1401 971 1461 alii
1023 1401 1327 1484 deincepS‚
1362 1424 1567 1462 verum
1608 1402 1930 1462 discrimen
1966 1401 2254 1464 Ecclesia

505 1485 646 1560 Dei,
681 1497 742 1545 et
785 1484 1038 1545 aliorum
1090 1485 1443 1546 bominum:
1486 1495 1549 1546 et
1588 1484 1940 1559 docuerunt,
1966 1483 2256 1547 Ecclesiae

506 1567 785 1629 traditam
816 1590 944 1629 esse
974 1569 1432 1650 promissionem
1464 1568 1540 1629 de
1570 1567 1909 1629 Mediatore
1939 1567 2098 1629 Filio
2112 1567 2256 1643 Dei,

507 1664 569 1712 et
597 1651 671 1711 de
700 1651 1051 1711 remissione
1081 1666 1463 1733 peccatorum
1487 1675 1502 1711 z
1532 1663 1594 1711 et
1625 1652 1780 1712 banc
1810 1650 1926 1712 fide
1956 1650 2255 1734 accipien-

507 1734 646 1795 dam
680 1756 807 1794 esse
836 1736 1036 1815 gratis,
1066 1746 1308 1816 propter
1336 1733 1757 1795 Mediatorem.

590 1817 673 1878 Et
703 1816 1095 1896 alligaverunt
1125 1817 1563 1878 invocationem
1595 1815 1667 1877 ad
1703 1817 1866 1878 hunc
1894 1816 2120 1891 Deum,
2147 1816 2253 1897 qui

506 1923 569 1960 se
611 1898 972 1983 patefecerat
1017 1899 1195 1960 edita'
1220 1900 1613 1982 promissione
1653 1898 1728 1959 de
1772 1899 2149 1962 Mediatore:
2193 1912 2256 1961 et

508 1983 850 2044 habuerunt
870 1993 1147 2042 externos
1177 1981 1324 2042 ritus
1353 1981 1639 2042 divinitus
1668 1981 1936 2056 traditos,
1952 1981 2057 2063 qui
2086 1994 2257 2044 erant

505 2066 678 2148 signa
706 2064 1136 2148 promissionis,
1166 2076 1224 2125 et
1255 2065 1417 2125 nervi
1449 2064 1708 2147 publicae
1737 2063 2237 2148 congregationis.

595 2149 728 2209 Hos
758 2148 925 2222 ritus,
953 2148 1174 2208 omissa
1202 2146 1472 2208 doctrina
1509 2146 1976 2230 promissionum
2006 2159 2070 2209 et
2095 2146 2259 2223 fidei,

507 2254 727 2314 magna
757 2253 892 2314 pars
922 2229 1329 2292 multitudinis
1359 2231 1592 2291 imitata
1620 2243 1744 2292 est:
1789 2243 1851 2292 et
1887 2253 2028 2293 cum
2053 2230 2257 2293 adfin-

506 2326 672 2397 geret
713 2314 869 2375 hanc
914 2314 1379 2396 persuasionem,
1419 2314 1695 2376 homines
1741 2315 1834 2375 his
1877 2314 2089 2378 ritibus
2131 2336 2259 2376 me-

507 2398 616 2458 reri
680 2397 1086 2458 remissionem
1147 2409 1549 2479 peccatorum,
1598 2397 1930 2459 cumulavit
1974 2398 2144 2470 ritus,
2194 2408 2257 2459 et

506 2480 796 2562 paulatim
830 2479 1116 2563 processit
1146 2479 1411 2555 audacia,
1433 2492 1500 2542 ut
1530 2482 1618 2555 fit,
1638 2492 1705 2541 ut
1734 2480 1832 2541 alii
1863 2480 1980 2541 alia
2008 2480 2257 2542 numina

508 2565 819 2644 fingerent.
908 2563 1002 2623 Ita
1043 2561 1439 2624 discesserunt
1480 2563 1707 2624 ethnici
1747 2586 1780 2624 a
1815 2585 1952 2624 vera
1989 2562 2108 2624 Dei
2139 2562 2257 2625 Ec-

508 2645 706 2717 clesia,
735 2658 796 2705 et
835 2645 910 2705 ab
950 2668 982 2705 a
1071 2646 1253 2706 itione
1283 2646 1402 2707 veri
1435 2646 1571 2720 Dei,
1610 2658 1671 2706 et
1713 2646 2106 2729 promissione
2136 2644 2260 2708 Re-

506 2728 855 2812 demptoris.
943 2728 973 2789 1
1019 2751 1114 2790 em
1161 2729 1376 2790 accidit
1417 2741 1552 2811 post
1585 2729 1866 2811 Moysen.
1954 2729 2257 2791 Institutae

506 2826 676 2872 erant
721 2811 1074 2873 ceremonioe
1115 2811 1271 2873 hanc
1313 2812 1502 2894 ipsam
1543 2813 1623 2873 ob
1659 2835 1926 2885 causam,
1954 2824 2021 2874 ut
2057 2825 2259 2875 essent

508 2894 1123 2956 commonefactiones
1152 2894 1227 2955 de
1259 2895 1628 2956 Mediatore:
1659 2896 1760 2957 sed
1793 2894 2119 2958 multitudo
2150 2896 2260 2959 ob·

512 2978 617 3039 lita
647 2977 1056 3060 promissionis
1086 2978 1161 3038 de
1193 2978 1547 3049 Mediatore‚
1575 2978 1651 3040 de
1686 2979 1959 3041 doctrina
1987 2977 2151 3053 fidei,
2180 2978 2258 3040 de

509 3061 767 3143 gratuita
807 3060 1157 3122 remissione
1193 3074 1437 3145 propter
1480 3060 1903 3136 Mediatorem,
1942 3061 2122 3124 finxit
2163 3083 2257 3123 re·

514 3144 669 3205 mitti
714 3156 957 3226 peccata
990 3157 1234 3228 propter
1262 3145 1571 3219 sacrificia,
1599 3158 1658 3206 et
1696 3146 1841 3207 ritus
1872 3144 2025 3219 illos,
2053 3156 2113 3207 et
2144 3144 2258 3207 hae

513 3226 932 3306 superstitione
961 3228 1291 3289 cumulavit
1329 3228 1635 3302 sacrificia,
1664 3241 1724 3290 et
1762 3228 1950 3306 oblita
1986 3239 2078 3290 est
2117 3225 2256 3289 Me-

509 3309 774 3383 diatoris,
800 3320 862 3371 et
905 3310 1021 3371 fuit
1063 3311 1190 3372 sine
1221 3334 1357 3372 vera
1399 3312 1826 3386 consolatione,
1861 3323 1925 3374 et
1965 3311 2094 3373 sine
2120 3330 2257 3370 vera

508 3392 899 3455 invocatione.
986 3393 1158 3455 Idem
1218 3394 1437 3457 accidit
1493 3408 1633 3479 post
1690 3394 1991 3478 apostolos
2037 3391 2257 3453 amissa
2358 3461 2367 3469 ,
2415 3364 2418 3371 Ι

510 3475 642 3536 luce
684 3476 996 3619 maffeii-i,
1037 3476 1095 3538 in
1141 3499 1261 3560 qua
1304 3478 1662 3572 proponitur
1796 3477 1947 3539 ‘tuin
1987 3473 2255 3568 remissio

512 3570 753 3638 propter
877 3558 1201 3622 ediatorem
1254 3559 1599 3644 accipienda
1651 3562 1691 3621 fi
1734 3582 1805 3621 e:
1857 3568 2108 3639 quesita
2165 3569 2255 3619 est

515 3638 784 3699 remissio
842 3662 949 3721 per
994 3642 1276 3704 exercitia
1328 3642 1676 3715 monastiea,
1726 3661 1833 3724 per
1878 3639 2256 3717 coelibatum,
