2418 4172
440 347 547 400 380
1074 347 1556 403 CONFESSIO

450 502 472 552 1
502 488 663 553 Tim.
686 488 736 552 -ἱ,
774 502 834 553 3.
897 489 1133 552 2Joan.
1173 491 1210 553 i.
1244 503 1339 552 1ο.
1390 490 1529 552 Gal.
1564 490 1600 550 i.
1642 500 1699 551 8.
1735 503 1777 551 -1
1819 490 1960 552 Cor.
1996 512 2096 552 xv.
2125 502 2183 551 2.

441 575 579 636 Act.
609 574 772 635 xxvi.
805 587 901 636 22.
951 574 1131 635 Rom.
1163 596 1261 636 xv.
1291 585 1350 635 4.
1388 585 1412 634 1
1452 573 1608 634 Petri
1646 573 1723 634 iv.
1761 585 1854 633 11.
1896 574 2076 635 Joan.
2106 574 2182 634 iv.

443 668 543 720 25.
583 656 725 720 Esa.
755 657 792 718 i.
820 669 911 717 12.
951 656 1139 718 1Cor.
1173 657 1231 719 ii.
1261 670 1319 718 4.
1357 656 1540 718 Rom.
1566 656 1647 716 iii.
1671 668 1727 717 4.
1765 668 1790 717 1
1816 658 1953 717 Cor.
1981 656 2064 717 iii.
2091 667 2185 717 ιι.

439 737 627 802 Deut.
655 740 758 802 xii.
788 750 888 802 32.
943 740 1124 802 Matt.
1165 762 1262 800 xv.
1291 751 1352 801 3.
1401 752 1463 799 ct
1490 739 1631 800 xvii.
1664 751 1721 801 5.
1773 738 1967 800 Marc.
1995 738 2097 800 vii.
2124 748 2184 814 7.

449 822 712 888 1Τὴεεε.
746 823 805 884 ii.
838 838 893 885 2.
932 824 1159 885 lJoan.
1189 824 1266 883 iv.
1297 835 1346 884 1.

523 906 706 967 VIII.
746 906 940 967 Juxta
990 906 1146 967 hanc
1188 906 1497 967 veritatem
1550 917 1612 966 ct
1660 904 1778 966 Dei
1823 906 2073 967 verbum
2123 902 2186 965 in

440 988 687 1050 unicum
720 989 914 1049 solum
939 989 1146 1050 Deum
1170 988 1488 1062 credimus,
1515 988 1646 1069 (qui
1669 1001 1760 1050 est
1783 989 1959 1049 unica
1987 1009 2188 1048 essen·

439 1074 523 1132 tia
568 1070 1239 1132 incommunicabilibus
1282 1071 1745 1165 proprietatibus
1789 1072 1849 1131 in
1894 1083 2015 1132 tres
2049 1070 2190 1131 Per-

439 1176 614 1215 sonas
643 1175 705 1213 re
722 1175 859 1214 vera
888 1154 964 1213 ab
992 1163 1216 1214 aeterno
1242 1153 1571 1231 distincta)
1592 1175 1812 1236 nempe
1842 1153 1901 1214 in
1927 1154 2188 1227 Patrem,

439 1236 683 1311 Filium,
730 1246 793 1296 et
842 1234 1139 1318 Spiritum
1186 1234 1502 1307 Sanctum,
1539 1247 1564 1296 1
1591 1236 1771 1297 Joan.
1802 1235 1864 1296 ii.
1895 1245 1993 1298 23.
2042 1234 2186 1297 Fas.

437 1318 588 1392 xliii.
624 1329 719 1379 11.
762 1318 942 1380 Joan.
973 1317 1012 1378 i.
1041 1329 1261 1380 1—12.
1301 1330 1323 1379 1
1348 1317 1529 1378 Joan.
1560 1317 1598 1378 i.
1627 1329 1678 1379 1.
1715 1317 1909 1400 Apoc.
1934 1317 2063 1379 xix.
2091 1328 2187 1379 13.

437 1402 609 1464 Prov.
627 1400 747 1463 viii.
774 1414 873 1464 22.
909 1400 1089 1463 Joan.
1110 1401 1150 1461 i.
1180 1412 1275 1463 14.
1359 1400 1524 1461 Nam
1559 1400 1734 1462 Pater
1761 1400 2031 1482 quidem,
2051 1398 2192 1462 visi·

438 1484 651 1554 bilium
693 1485 967 1546 omnium
1009 1495 1072 1545 et
1110 1483 1502 1546 invisibilium
1534 1506 1731 1554 causa,
1759 1483 1948 1566 origo,
1973 1505 2045 1545 ac
2073 1482 2190 1544 ini·

436 1568 590 1631 tium
630 1568 869 1629 existit:
915 1567 1105 1630 Filius
1134 1579 1225 1628 est
1254 1568 1527 1641 verbum,
1554 1566 1867 1649 sapientia,
1894 1579 1957 1628 et
1985 1566 2189 1649 imago

437 1651 662 1715 Patris:
704 1651 964 1734 Spiritus
992 1651 1248 1712 Sanctus
1279 1672 1419 1712 vero
1461 1650 1733 1732 potentia
1771 1660 1881 1724 est,
1907 1661 1971 1710 et
1998 1648 2187 1710 vii-ms

484 1756 576 1796 uoe
618 1756 654 1794 a
696 1734 871 1796 Patre
914 1744 976 1794 et
1018 1733 1176 1794 Filio
1219 1743 1479 1793 emanat.
1563 1732 1661 1793 Ita
1697 1743 1903 1793 tamen
1950 1743 2020 1793 ut
2057 1731 2189 1793 baec

482 1816 745 1880 istinctio
784 1838 907 1877 non
945 1815 1165 1878 efficiat
1195 1827 1264 1876 ut
1290 1814 1463 1877 Deus
1491 1815 1568 1876 sit
1596 1815 1780 1877 veluti
1812 1815 1874 1875 in
1903 1826 2024 1876 tres
2052 1835 2190 1898 par-

437 1910 528 1962 tes
574 1898 831 1961 divisus:
920 1895 1365 1979 nandoquidem
1410 1898 1707 1999 scriptura
1750 1919 1860 1958 nos
1905 1896 2085 1960 docet
2125 1909 2191 1959 et

439 1983 698 2057 Patrem,
727 1993 789 2043 et
817 1921 1064 2056 Filium,
1091 1992 1154 2042 et
1181 1980 1473 2062 Spiritum
1505 1983 1797 2040 banctum
1834 1978 2186 2057 distinctam

440 2065 660 2126 habere
705 2065 826 2125 suis
869 2062 1335 2147 proprietatibus
1381 2062 1733 2144 hypostasin
1772 2061 1896 2123 sive
1942 2062 2191 2124 subsist-

438 2148 683 2210 entiam.
770 2147 867 2208 Ita
895 2157 1100 2208 tamen
1130 2157 1199 2207 ut
1227 2156 1345 2206 tres
1377 2145 1470 2206 hoe
1499 2167 1768 2228 personae
1799 2146 1921 2207 sint
1946 2156 2187 2207 tantum

437 2252 592 2293 unus
622 2241 684 2291 et
713 2230 873 2291 solus
901 2229 1095 2291 Deus.
1183 2228 1380 2311 Igitur
1407 2240 1638 2290 certum
1676 2239 1768 2290 est
1804 2251 1919 2290 nec
1947 2229 2188 2290 Patrem

439 2313 684 2387 Filium,
731 2335 844 2374 nec
887 2312 1111 2373 Filium
1158 2312 1397 2374 Patrem
1447 2334 1596 2387 esse,
1651 2334 1850 2394 neque
1894 2311 2188 2395 Spiritum

438 2396 729 2459 Sanctum
773 2407 877 2457 aut
907 2395 1166 2469 Patrem,
1208 2405 1311 2455 aut
1350 2393 1597 2455 Filium.
1684 2395 1935 2455 Interim
1982 2406 2186 2456 tamen

437 2500 712 2561 personae
745 2477 861 2539 illae
891 2478 977 2539 sic
1006 2477 1322 2551 distinctas,
1351 2499 1549 2558 neque
1579 2489 1720 2538 sunt
1747 2476 1972 2552 divisae,
1990 2499 2190 2559 neque

439 2561 723 2633 confusae,
753 2583 949 2641 neque
978 2561 1326 2642 permixtae:
1373 2582 1493 2620 non
1523 2561 1684 2621 enim
1717 2560 1893 2622 Pater
1920 2572 2025 2622 aut
2053 2560 2192 2644 Spi-

438 2643 587 2705 ritus
630 2643 888 2703 Sanctus
930 2664 1169 2703 carnem
1219 2643 1545 2703 humanam
1587 2653 2058 2726 assumpserunt,
2084 2642 2189 2704 sed

441 2726 602 2787 solus
625 2724 831 2791 Filius.
898 2725 1071 2786 Pater
1098 2746 1411 2806 nunquam
1440 2725 1569 2786 sine
1592 2726 1748 2787 Filio
1778 2749 1887 2788 suo
1914 2726 2049 2801 fuit,
2077 2748 2191 2788 nec

441 2809 568 2870 sine
607 2808 837 2892 Spiritu
868 2830 977 2869 suo
1005 2807 1247 2883 Sancto,
1275 2808 1417 2889 quia
1459 2809 1680 2892 singuli
1725 2809 2059 2891 eademque
2099 2830 2193 2870 es-

440 2891 631 2952 sentia
676 2889 946 2972 ejusdem
997 2902 1140 2952 sunt
1184 2891 1549 2953 aeternitatis.
1633 2892 1859 2953 Nullus
1901 2892 2064 2955 enim
2112 2914 2190 2955 ex

443 2974 536 3035 his
594 2985 699 3036 aut
748 2973 978 3057 primus
1029 2984 1133 3036 aut
1181 2973 1431 3035 ultimus
1478 2987 1588 3051 est,
1634 2976 1777 3057 quia
1818 2997 2028 3037 omnes
2071 2987 2189 3037 tres

443 3079 632 3121 unum
684 3068 845 3131 sunt,
875 3068 1007 3118 tum
1036 3057 1284 3118 veritate
1324 3079 1394 3118 ac
1431 3058 1719 3139 potentia,
1748 3070 1879 3119 tum
1922 3058 2190 3120 bonitate

440 3152 500 3202 ct
532 3138 954 3201 misericordia.

527 3222 644 3285 lx.
694 3222 854 3284 Haec
875 3243 1015 3283 vero
1035 3224 1240 3285 omnia
1269 3236 1392 3285 tam
1424 3245 1499 3285 ex
1530 3246 1709 3286 sacrae
1739 3223 2044 3309 scripturae
2073 3235 2190 3286 ωι-

443 3305 731 3380 timoniis‚
761 3327 943 3387 quam
986 3327 1061 3367 ex
1094 3305 1235 3389 ipsis
1272 3307 1495 3368 effectis
1530 3308 1970 3391 cognoscimus,
1997 3307 2187 3387 iisque

527 3388 848 3462 tissimum,
897 3411 1030 3470 quae
1089 3411 1197 3451 nos
1255 3390 1315 3451 in
1374 3390 1821 3474 nobismetipsis
1877 3388 2185 3452 sentimus.

440 3410 524 3530 ἓῖ
555 3493 736 3533 sacrae
766 3471 1011 3553 quidem
1044 3471 1349 3556 scripturae
1378 3474 1739 3548 testimonis,
1766 3493 1902 3554 qun
1938 3489 2047 3532 nos
2078 3466 2187 3529 do-

443 3565 579 3613 cent
608 3576 834 3615 sacram
870 3554 1024 3616 banc
1050 3555 1407 3618 Trinitatem
1440 3556 1697 3630 credere,
1724 3553 1944 3637 passim
1974 3550 2036 3611 in
2063 3548 2185 3611 Ve-

444 3633 551 3692 teri
595 3634 983 3706 Testamento
1033 3650 1388 3699 occurrunt:
1442 3659 1576 3717 quae
1629 3658 1748 3698 non
1805 3647 1927 3695 tum
1974 3652 2187 3694 nume·
