2418 4172
826 391 1296 446 SAXONICA.
1826 393 1934 455 269

188 530 383 616 cidam
413 533 932 614 gubernationem,
960 537 1069 596 ἃς.
1131 534 1326 595 Esaiae
1357 532 1497 594 lviii.
1529 533 1778 617 Frange
1805 557 1935 598 esu·

185 614 371 676 riente’
390 636 611 697 panem
642 625 829 691 tuum,
848 626 906 678 et
936 618 1060 678 eris
1086 618 1243 678 sicut
1272 617 1484 677 hortus
1505 616 1803 699 irriguus,
1825 621 1934 681 διο.

187 695 273 759 Et
300 711 512 759 notum
544 712 635 759 est
662 719 834 759 exem
886 700 1010 760 lum
1044 698 1237 760 viduoe
1267 700 1645 781 Sareptanae3
1684 711 1746 760 et
1774 700 1938 761 Psal-

187 790 278 840 tes
308 780 488 842 dicit:
524 781 687 862 Opes
715 789 775 841 et
845 782 1024 842 :vitice
1052 782 1118 841 in
1148 781 1318 841 domo
1347 781 1495 863 qus,
1583 781 1743 850 Quia
1772 783 1932 845 enim

188 862 250 924 in
302 863 416 924 hac
464 862 696 923 mortali
749 875 810 923 et
854 884 1188 923 aerumnosa
1231 862 1354 923 vita
1407 863 1575 924 Deus
1622 864 1933 926 ecclesiam

188 944 438 1027 colligit,
465 958 528 1006 et
544 945 673 1005 vult
701 966 834 1005 eam
866 967 993 1006 esse
1025 946 1336 1006 honestam
1371 947 1936 1029 congregationem3

185 1027 415 1112 prebet
459 1028 514 1088 ei
559 1028 760 1108 aliqua
803 1027 1062 1111 hospitia
1110 1028 1449 1101 mediocria,
1491 1031 1720 1112 praebet
1764 1031 1936 1092 nidos

185 1109 303 1195 piis
329 1110 592 1184 familiis,
622 1112 948 1193 puerperis,
977 1111 1317 1173 educationi
1351 1134 1694 1196 puerorum,
1722 1135 1938 1197 propa-

265 1192 413 1254 tioni
464 1193 779 1263 doctrinae;
824 1193 1083 1276 denique
1132 1195 1262 1255 vult
1309 1217 1654 1256 conservare
1704 1198 1937 1279 generis

187 1213 439 1338 {inmani
476 1276 845 1351 societatem,
873 1277 1241 1338 oeconomias
1285 1290 1345 1338 et
1389 1278 1663 1361 politias:
1707 1292 1767 1340 et
1806 1281 1939 1362 qui-

188 1357 327 1420 dem
361 1358 515 1434 ideo,
542 1371 611 1420 ut
640 1359 839 1441 colligi
879 1360 1131 1421 ccclesia
1165 1361 1369 1443 possit.
1456 1362 1657 1431 Quare
1696 1373 1939 1456 propter

189 1453 532 1503 sanctorum
575 1464 800 1525 preces,
828 1455 890 1503 et
932 1453 1175 1526 propter
1202 1466 1406 1505 eorum
1451 1444 1848 1527 diligentiam,
1876 1457 1938 1507 et

188 1538 433 1607 propter
459 1546 845 1586 communem
887 1527 1324 1597 necessitatem,
1363 1526 1572 1587 tribuit
1615 1528 1689 1588 ali
1738 1528 1938 1589 uando

276 1607 684 1668 bernationem
733 1609 933 1669 minus
978 1610 1408 1682 turbulentam,
1439 1631 1674 1692 pacem,
1728 1633 1938 1671 oecun-

235 1687 440 1750 ‘tatem
478 1710 512 1749 a
623 1711 775 1764 rum,
811 1703 872 1750 et
916 1691 1031 1751 alia
1074 1693 1264 1751 bona:
1309 1703 1377 1751 ut
1411 1703 1655 1773 propter
1679 1693 1938 1775 Joseph‚

187 1768 487 1845 Naaman,
513 1711 859 1842 ffinielem,
889 1793 1073 1866 regna
1117 1772 1218 1832 illa
1257 1773 1547 1834 foeliciora
1582 1785 1768 1834 erant.
1854 1775 1940 1835 Et

184 1851 412 1916 Jerem.
441 1875 573 1936 cap.
604 1854 772 1915 xxix.
803 1855 1094 1937 praecipit,
1144 1866 1210 1915 ut
1257 1856 1460 1916 exules
1512 1856 1574 1915 in
1620 1856 1939 1939 Babylone

178 1944 397 2018 petant
425 1937 684 2017 hospitio
714 1959 929 2019 pacem
958 1947 1018 1999 et
1043 1938 1381 1999 salutarem
1414 1939 1936 2022 gubernationem.

189 2018 363 2080 Sicut
389 2020 568 2080 etiam
602 2042 759 2102 soepe
788 2032 1031 2103 propter
1059 2021 1324 2082 ecclesiae
1368 2021 1585 2082 delicta
1627 2024 1940 2084 cumulan-

189 2112 291 2163 tur
330 2124 565 2185 poenae:
610 2115 677 2163 ut
721 2104 781 2163 in
826 2126 1011 2186 poena
1053 2105 1244 2164 tribus
1288 2105 1632 2185 Benjamin,
1662 2106 1939 2181 Davidis,

189 2185 411 2246 et-aliis
439 2186 821 2268 conspicitur.
905 2186 1054 2247 Vult
1092 2199 1292 2247 autem
1324 2187 1494 2247 Deus
1526 2188 1777 2271 intelligi
1809 2190 1939 2251 haec

190 2268 483 2329 beneficia
512 2269 744 2352 corpori
774 2270 1120 2344 necessaria,
1149 2272 1211 2330 et
1239 2270 1372 2331 sciri
1397 2271 1524 2331 vult
1551 2293 1621 2331 ea
1651 2270 1940 2333 divinitus

189 2350 395 2411 tribui.
479 2351 630 2412 Vult
671 2352 731 2411 in
776 2352 860 2412 eis
901 2353 1178 2435 petendis
1207 2354 1464 2414 exerceri
1497 2353 1703 2427 fidem,
1734 2366 1803 2416 ut
1831 2378 1940 2416 suo

190 2432 326 2495 loco
353 2434 653 2516 copiosius
682 2434 972 2496 dicemus.
1036 2436 1244 2497 ‘Nunc
1282 2436 1416 2497 ideo
1457 2438 1585 2497 liaec
1615 2459 1804 2520 pauca
1837 2438 1941 2499 ad-

188 2514 472 2591 didimus,
502 2529 569 2578 ut
606 2517 666 2577 in
700 2518 814 2579 hac
843 2518 1235 2579 Confessione
1265 2520 1444 2580 etiam
1478 2530 1643 2580 extet
1671 2520 1941 2581 testimo-

190 2598 360 2661 nium
403 2600 464 2661 in
512 2601 726 2661 nostris
765 2602 1048 2677 ecclesiis,
1078 2602 1409 2663 doctrinam
1440 2602 1515 2662 de
1547 2603 1719 2663 bonis
1747 2604 1941 2687 operi-

194 2681 306 2742 bus
334 2703 531 2744 veram
563 2695 625 2744 et
653 2685 1044 2746 necessariam
1076 2685 1333 2746 fideliter
1361 2685 1634 2769 proponi.

766 2851 1367 2892 *-

510 2982 627 3044 x1.
669 2984 774 3045 De
801 2984 1181 3047 Discrimine
1207 2984 1627 3046 Peccatorum.

195 3078 408 3161 CUM
452 3098 681 3161 dictum
728 3093 835 3176 sit?
861 3104 926 3163 in
975 3104 1195 3164 renatis
1240 3125 1481 3164 manere
1525 3116 1792 3186 peccata,
1835 3129 1940 3168 ne-

194 3203 357 3242 cesse
398 3194 491 3242 est
531 3182 679 3244 tradi
726 3183 1067 3247 discrimen.
1151 3186 1317 3247 Nam
1349 3207 1423 3246 ex
1453 3186 1615 3247 dicto
1644 3187 1830 3249 Lucae
1857 3190 1939 3251 xi.

200 3263 270 3324 V
260 3264 392 3326 adit
420 3272 480 3326 et
507 3266 770 3327 adsumit
796 3276 1020 3349 septem
1049 3268 1202 3330 alios
1228 3270 1481 3350 spiritus
1508 3271 1825 3352 nequiores
1854 3294 1939 3348 se,

194 3354 256 3408 et
286 3348 553 3430 ingressi
586 3348 866 3410 habitant
906 3351 1010 3423 ibi,
1040 3352 1147 3411 &c.
1183 3364 1245 3412 et
1286 3373 1362 3412 ex
1406 3352 1703 3413 similibus
1745 3353 1940 3427 dictis,

194 3430 579 3492 manifestum
611 3444 720 3506 est,
749 3432 980 3513 aliquos
1009 3444 1245 3493 renatos
1274 3434 1623 3495 contristare
1663 3451 1725 3496 et
1758 3458 1941 3500 excu-

193 3523 318 3574 tere
358 3514 651 3597 Spiritum
686 3515 999 3588 Sanctum,
1028 3526 1098 3575 et·
1131 3537 1331 3576 rursus
1374 3515 1548 3597 abjici
1593 3539 1629 3578 a
1671 3518 1830 3596 Deo,
1871 3543 1942 3583 ac

193 3595 320 3656 fieri
370 3619 500 3657 reos
558 3597 657 3657 irae
714 3596 853 3668 Dei,
910 3610 972 3659 et
1025 3609 1380 3659 aeternarum
1433 3621 1772 3682 poenarum.
1854 3603 1940 3665 Et

191 3674 419 3741 Enoch.
450 3679 660 3741 xxxiii.
693 3681 983 3763 scriptum
1028 3692 1151 3742 est:
1202 3681 1357 3743 Cum
1383 3684 1699 3757 rece-:sctit
1719 3684 1940 3768 justus
2014 3686 2022 3690 ’
