2418 4172
556 380 663 434 DE
703 380 855 434 CON
865 380 1199 435 VERSION
1205 382 1276 434 IS
1316 381 1556 435 Mono.
1826 382 1931 434 453

544 615 1003 681 REJECTIO
1060 614 1559 679 ERRORUM.

180 781 480 865 szom‘ta
508 782 782 844 doctrina
809 783 1138 843 orthodoxa
1162 781 1444 863 Synodus
1465 779 1666 862 rejicit
1687 802 1923 843 errores

943 885 1166 936 eorum,

1026 982 1056 1043 1

178 1062 361 1159 QUI
390 1082 630 1157 docent,
660 1092 697 1120 “
722 1084 965 1167 Proprie
992 1083 1110 1145 dici
1143 1106 1261 1143 non
1294 1106 1488 1165 posse,
1516 1085 1675 1165 quod
1708 1107 1919 1167 pecca-

173 1171 213 1202 “
240 1176 372 1228 tum
415 1165 661 1248 originis
704 1188 812 1249 per
849 1189 912 1227 se
955 1166 1209 1228 sufficiat
1251 1168 1360 1227 toti
1404 1167 1605 1249 generi
1652 1168 1918 1229 humano

173 1253 215 1284 “
242 1247 722 1324 condemnando,
760 1262 864 1310 aut
906 1248 1265 1343 temporales
1307 1262 1369 1309 et
1412 1261 1661 1310 aeternas
1747 1272 1915 1311 oenas

172 1337 211 1365 “
240 1331 684 1413 puomerendo.'⁹
765 1331 1203 1393 Contradicunt
1257 1332 1415 1392 enim
1468 1333 1699 1414 Aposto
1723 1356 1779 1406 ο,
1823 1333 1909 1394 di-

174 1412 355 1488 oeuti,
384 1412 567 1475 Rom.
595 1436 650 1474 v.
680 1436 828 1475 vers,
859 1426 951 1475 12.
980 1414 1114 1476 Per
1139 1435 1327 1475 unum
1368 1413 1662 1476 hominem
1699 1437 1913 1496 pecca-

173 1502 306 1557 tum
345 1496 412 1558 in
452 1496 741 1559 mundum
779 1498 1032 1570 introiit,
1061 1519 1135 1558 ac
1154 1518 1271 1578 per
1288 1506 1607 1577 peccatum
1646 1520 1825 1571 mors,
1854 1506 1914 1560 et

172 1577 266 1641 ita
304 1578 372 1639 in
411 1599 614 1640 omnes
654 1578 922 1641 homines
962 1601 1120 1641 mors
1161 1579 1428 1654 transiit,
1455 1581 1520 1641 in
1558 1601 1676 1662 quo
1711 1601 1914 1643 omnes

574 1706 588 1721 .
673 1660 759 1721 Et
791 1682 939 1722 vers.
976 1662 1067 1723 16.
1108 1662 1347 1723 Beatus
1390 1683 1465 1723 ex
1508 1684 1628 1723 uno
1674 1663 1915 1724 introiit

171 1741 261 1809 ad
280 1742 852 1805 condemnationem.
936 1744 1120 1818 Item,
1150 1743 1331 1804 Rom.
1354 1744 1432 1805 vi.
1462 1766 1611 1805 vers.
1635 1755 1734 1806 23.
1758 1744 1914 1805 Pec-

170 1825 300 1887 coeti
320 1825 690 1907 stipendium
717 1847 878 1887 mors
904 1834 1066 1969 esst.11

255 1990 379 2059 Qui
416 1990 655 2063 docent,
695 1998 732 2024 “
759 1990 943 2050 Dona
985 1990 1333 2072 spiritualia,
1369 1991 1492 2050 sive
1534 1990 1774 2051 habitus
1808 1993 1913 2051 bo-

170 2079 208 2108 “
236 2093 366 2145 nos,
393 2084 456 2133 et
483 2072 749 2145 virtutes,
779 2084 849 2131 ut
886 2085 1025 2133 sunt
1057 2072 1308 2144 bonitas,
1336 2072 1639 2146 sanctitas,
1658 2072 1914 2152 justitia,

170 2161 208 2191 “
236 2154 298 2216 in
328 2154 635 2215 voluntate
678 2154 959 2226 hominis,
988 2176 1126 2215 cum
1171 2154 1436 2236 primum
1479 2167 1795 2229 crearetur,
1827 2156 1912 2215 lo-

169 2244 209 2272 “
235 2258 375 2299 cum
407 2236 627 2297 habere
656 2258 777 2296 non
805 2236 1088 2319 potuisse,
1117 2258 1187 2296 ac
1215 2235 1464 2318 proinde
1492 2259 1604 2298 nec
1641 2238 1703 2297 in
1737 2237 1908 2319 lapsu

169 2326 208 2355 ‘⁶
236 2320 315 2382 ab
341 2340 414 2380 ea
441 2319 747 2402 separari-’⁹
831 2320 1067 2401 Pugnat
1107 2319 1269 2379 enim
1316 2318 1432 2379 boc
1469 2341 1607 2379 cum
1648 2319 1910 2402 descrip-

169 2402 335 2464 tione
362 2401 642 2484 imaginis
669 2401 813 2474 Dei,
828 2423 1009 2481 quam
1038 2401 1366 2483 Apostolus
1388 2401 1561 2494 ponit
1580 2401 1806 2484 Ephes.
1831 2402 1908 2462 iv.

169 2505 320 2546 vern.
348 2496 448 2547 24.
476 2484 580 2545 ubi
611 2483 775 2545 illam
805 2483 1090 2545 describit
1117 2505 1191 2544 ex
1212 2482 1450 2564 justitia
1477 2494 1540 2544 et
1577 2484 1909 2559 sanctitate,

168 2587 309 2648 φιτ
335 2565 587 2631 omnino
614 2566 677 2627 in
704 2565 1241 2710 voluntatflllocum
1276 2566 1519 2631 habent.

252 2730 375 2800 Qui
406 2730 644 2805 docent,
669 2739 707 2767 ‘⁶
726 2731 911 2791 Dona
938 2730 1267 2814 spiritualia
1297 2752 1414 2791 non
1457 2752 1585 2791 esse
1626 2731 1684 2790 in
1719 2741 1910 2791 morte

103 2834 113 2838 ·
169 2824 207 2850 ‘⁴
234 2812 526 2896 spirituali
569 2814 647 2873 ab
689 2813 952 2874 hominis
980 2814 1288 2875 voluntate
1329 2824 1614 2894 separata,
1653 2834 1792 2873 cum
1839 2835 1911 2873 ea

169 2906 207 2933 ‘⁶
228 2895 299 2958 »in
342 2917 471 2956 sese
509 2916 818 2977 nunquam
862 2907 1141 2979 corrupta
1181 2895 1376 2965 fuerit,
1406 2894 1508 2955 sed
1536 2906 1772 2956 tantum
1804 2917 1911 2976 per

168 2986 206 3016 “
234 2978 508 3050 tenebras
540 2978 868 3048 mentis,.et
895 2978 1214 3040 affectuum
1255 2976 1751 3040 inordinationem
1792 2977 1909 3040 im·

169 3072 208 3099 ‘⁴
234 3059 432 3144 pedita
458 3086 476 3131 3
519 3061 738 3141 quibus
762 3059 1207 3142 impedimentis
1237 3059 1505 3132 sublatis,
1535 3060 1780 3122 liberam
1812 3082 1910 3121 su·

168 3151 208 3180 “
236 3165 334 3206 am
362 3142 709 3205 facultatem
755 3143 868 3203 sibi
914 3143 1152 3210 insitam
1197 3164 1452 3212 exerere,
1472 3141 1542 3203 dd
1579 3154 1686 3212 est,
1714 3142 1908 3223 quod-

170 3234 207 3262 “
236 3226 326 3287 vis
361 3226 586 3286 bonum
633 3226 744 3287 sibi
791 3226 1162 3307 propositum
1209 3246 1283 3286 ex
1327 3248 1409 3297 se,
1432 3237 1548 3290 aut
1578 3225 1748 3296 velle,
1783 3225 1907 3306 sive

170 3316 207 3344 “
237 3307 473 3388 eligere,
516 3318 621 3368 aut
676 3328 795 3367 non
836 3308 1006 3379 velle,
1049 3308 1174 3368 sive
1231 3330 1351 3368 non
1399 3308 1618 3389 eligere
1667 3307 1905 3390 possit.”

169 3389 421 3454 Novum
463 3389 581 3451 boc
620 3402 684 3450 et
725 3412 1039 3451 erroneum
1070 3402 1179 3464 est,
1206 3402 1386 3471 atque
1424 3412 1496 3451 eo
1532 3388 1677 3451 facit
1712 3403 1779 3451 ut
1805 3412 1911 3453 ex-

170 3472 459 3540 tollantur
500 3472 652 3534 vires
696 3473 866 3534 liberi
915 3472 1160 3546 arbitrii,
1197 3484 1404 3535 contra
1439 3472 1723 3536 Jeremiae
1773 3494 1911 3555 pto·-

63 3582 66 3585 *
171 3554 371 3637 phetoe
413 3554 641 3623 dictum
690 3577 821 3638 cap.
852 3556 993 3617 xvii.
1035 3577 1181 3620 vers.
1210 3567 1270 3630 9.
1298 3554 1781 3622 staudukntum
1823 3565 1913 3622 eat

51 3640 57 3722 ‘y
173 3658 276 3698 cor
301 3638 500 3719 ipsum
527 3660 715 3719 supra
743 3640 946 3700 omnia
977 3646 1035 3699 et
1068 3659 1418 3719 perversum
1437 3664 1459 3701 .-
1509 3638 1593 3701 Et
1613 3638 1910 3746 Apostoli,
2026 3643 2035 3647 ’

1008 3721 1104 3782 rf
