2418 4172
449 343 519 391 68
1090 336 1557 393 CONFESSIO

455 481 658 542 Patres
689 480 951 542 minores
979 491 1040 542 et
1071 480 1343 561 majores,
1362 481 1600 542 ordines
1632 482 1885 563 majores
1913 493 1974 543 et
2007 482 2196 543 mino·

454 585 565 624 res.
650 563 736 624 At
776 562 852 624 de
896 563 989 625 his
1031 564 1512 625 omnibus-nihil
1559 587 1768 626 sumus
1810 587 1920 627 nos
1969 564 2206 640 soliciti,

455 646 663 728 quales
705 645 850 708 olim
898 646 1139 721 suerint,
1181 659 1284 708 aut
1326 668 1488 708 nunc
1529 648 1666 708 sint.
1753 648 1990 710 Sufficit
2030 647 2205 709 nobis

457 728 785 813 apostolica
812 728 887 790 dc
917 730 1206 792 ministris
1234 729 1520 790 doctrina.

541 812 637 873 Ita
679 834 816 874 cum
863 813 1124 874 sciamus
1167 826 1330 873 certo
1375 811 1829 884 monachos‚·et
1879 810 2208 873 monacho-

457 916 590 956 rum
631 894 869 956 ordines
908 896 1002 956 vel
1046 907 1255 968 sectas,
1283 915 1479 974 neque
1523 916 1557 953 a
1586 892 1849 967 Christo,
1889 915 2089 975 neque
2129 895 2208 956 ab

457 999 491 1039 a
577 978 741 1040 stolis
785 999 913 1038 esse
957 978 1277 1050 institutas,
1305 977 1593 1036 docemus
1629 977 1778 1037 nihil
1810 998 1909 1036 eas
1938 977 2207 1039 ecclesiae

455 999 576 1121 132}
602 1061 775 1122 utiles
799 1082 943 1140 esse,
968 1061 1091 1121 imo
1114 1059 1491 1142 perniciosas.
1534 1058 1800 1120 Tametsi
1826 1060 1988 1120 enim
2014 1081 2208 1141 quou-

457 1143 597 1205 dam
642 1146 806 1222 (cum
853 1154 1051 1203 essent
1094 1141 1360 1214 solitarii,
1401 1155 1463 1201 et
1505 1142 1783 1202 manibus
1826 1142 1939 1203 sibi
1977 1143 2203 1204 victum

455 1237 811 1307 quaererent,
841 1247 954 1285 nec
992 1224 1128 1285 ullis
1165 1236 1365 1284 essent
1392 1225 1577 1299 oneri,
1605 1224 1707 1285 sed
1782 1226 2078 1287 asturibus
2110 1247 2208 1286 ec·

456 1308 770 1368 elesiarum
819 1308 1044 1388 ubique
1088 1318 1382 1389 parerent,
1425 1318 1495 1368 ut
1527 1306 1693 1387 laici)
1727 1247 1951 1368 Kierint
1993 1308 2211 1369 tolera-

458 1391 628 1463 biles,
665 1401 868 1450 tamen
915 1411 1097 1463 nunc,
1128 1390 1335 1470 quales
1380 1390 1501 1450 sint
1539 1388 1723 1463 videt,
1753 1401 1815 1450 et
1857 1389 2040 1451 sentit
2078 1389 2212 1462 unif-

456 1494 659 1533 versus
689 1472 869 1532 orbis.
955 1472 1306 1534 Praetexunt
1335 1473 1540 1533 nescio
1570 1495 1708 1555 quae
1729 1483 1891 1548 vota,
1910 1484 1974 1534 et
1999 1473 2211 1536 vivunt

452 1555 605 1616 votis
636 1555 760 1615 suis
790 1554 976 1616 vitam
1006 1577 1247 1638 prorsus
1288 1556 1643 1617 contrariam
1669 1580 1683 1616 ε
1728 1568 1797 1617 ut
1834 1578 2075 1639 prorsus
2101 1577 2211 1640 op·,

458 1638 591 1699 timi
631 1659 837 1699 eorum
882 1638 1035 1698 inter
1073 1660 1173 1698 eos
1217 1639 1516 1699 numerari
1565 1651 1923 1713 mereantur,
1960 1638 2037 1699 de
2122 1640 2212 1701 ui-

457 1721 570 1781 bus
607 1719 761 1781 dixit
801 1721 1126 1803 apostolus,
1158 1733 1192 1780 2
1223 1720 1435 1782 Thess.
1467 1722 1548 1782 iii.
1581 1722 1887 1783 Audimus

453 1811 768 1865 versantes
808 1804 973 1864 inter
1007 1825 1111 1865 vos
1150 1804 1510 1878 inordinate,
1547 1804 1705 1866 nihil
1738 1805 1942 1886 operis
1954 1802 2209 1890 facten-

457 1894 567 1962 teS,
593 1885 703 1948 sed
732 1886 966 1948 curiose
1003 1894 1271 1970 agente-5.
1354 1886 1534 1948 Tales
1572 1909 1715 1969 ergo
1743 1910 1852 1948 nos
1891 1887 1954 1949 in
1995 1888 2211 1950 nostris

454 1968 721 2031 ecclesiis
764 1991 878 2031 nec
922 1969 1235 2043 habemus,
1278 1991 1390 2031 nec
1432 1970 1493 2030 in
1539 1970 1807 2031 ecclesiis
1834 1970 2061 2033 Christi
2108 1972 2214 2033 ha·

458 2050 686 2113 bendos
715 2074 845 2112 esse
873 2051 1179 2112 docemus,
1895 2116 1902 2123 ,

542 2134 747 2195 Nemo
790 2146 895 2195 aut
934 2134 1221 2194 honorem
1265 2134 1577 2195 ministerii
1613 2134 2001 2197 ecclesiastici
2039 2154 2214 2197 usur-

456 2238 619 2300 pare,
657 2229 760 2279 aut
804 2217 938 2292 sibi,
969 2206 1035 2277 id'
1077 2228 1186 2291 est,
1228 2217 1301 2278 ad
1348 2239 1412 2278 se
1449 2217 1888 2361 largitionibus,
1930 2228 2036 2280 aut
2077 2218 2214 2280 ullis

457 2299 702 2376 artibus,
731 2300 976 2362 arbitrio
1004 2299 1266 2383 propri0,
1296 2321 1501 2384 rapere
1576 2302 1732 2362 ebet.
1817 2301 2127 2363 Vooentur
2153 2310 2215 2363 et

456 2383 753 2464 eligantur
786 2383 1079 2444 electione
1108 2382 1507 2444 ecclesiastica
1545 2395 1607 2444 et
1637 2384 1926 2467 legitima,
1955 2384 2210 2445 ministri

457 2466 756 2527 ecclesiae:
801 2465 862 2526 id
905 2475 1016 2538 est,
1045 2464 1344 2547 eligantur
1385 2466 1658 2547 religiose
1695 2467 1773 2527 ab
1816 2466 2089 2539 ecclesia,
2116 2466 2210 2528 vel

460 2547 533 2609 ad
567 2548 683 2609 boc
710 2547 786 2608 de
833 2547 1012 2608 utatis
1051 2549 1128 2608 ab
1157 2547 1426 2622 ecclesia,
1448 2548 1656 2609 ordine
1684 2549 1872 2631 justu,
1893 2561 1955 2610 et
1984 2550 2213 2632 absque

458 2631 656 2704 turba,
698 2653 760 2691 se
806 2630 1112 2704 itionibus,
1151 2643 1213 2691 et
1255 2631 1660 2693 contentione.
1749 2631 2070 2715 Eligantur
2109 2654 2214 2694 au·

458 2723 585 2775 tem
636 2734 757 2776 non
809 2713 1082 2795 quilibet,
1131 2712 1233 2774 sed
1286 2712 1561 2776 homines
1613 2714 1832 2789 idonei,
1880 2714 2215 2778 eruditione

435 2848 442 2850 .
449 2795 618 2876 justa
645 2807 707 2857 et
733 2817 917 2869 sacra,
945 2795 1287 2877 eloquentia
1317 2796 1436 2880 pia,
1463 2797 1903 2881 prudentiaque
1932 2798 2215 2882 simplici,

459 2878 721 2961 denique
779 2878 1186 2940 moderatione
1242 2891 1305 2940 et
1363 2880 1676 2942 honestate
1725 2882 1867 2943 vitae
1931 2882 2216 2965 insignes,

458 2960 632 3042 juxta
669 2983 961 3024 canonem
1021 2962 1440 3046 apostolicum,
1478 2964 1581 3045 qui
1627 2965 1702 3025 ab
1760 2963 2032 3047 apostolo
2073 2986 2217 3026 oon·

460 3044 687 3107 texitur
716 3045 777 3106 in
816 3057 838 3106 1
878 3044 953 3107 ad
975 3044 1136 3107 Tim.
1167 3045 1247 3106 iii.
1279 3068 1410 3130 cap.
1442 3059 1502 3107 et
1526 3046 1598 3108 ad
1620 3046 1743 3109 Tit.
1764 3047 1803 3108 i.
1830 3068 1962 3130 cap.
1993 3046 2085 3109 Et
2203 3048 2219 3063 ⁶

463 3126 640 3189 electi
664 3137 828 3203 sunt,
854 3128 1215 3190 ordinentur
1242 3151 1281 3189 a
1308 3130 1643 3190 senioribus
1671 3152 1806 3192 cum
1843 3068 2218 3193 archoum
2093 3130 2111 3147 ’

456 3210 741 3291 publicis,
780 3219 842 3274 et
881 3212 1260 3295 {inpositione
1296 3234 1602 3275 manuum.
1688 3213 2072 3276 Damnamus
2115 3212 2216 3275 hic

461 3314 673 3355 omnes
701 3293 806 3376 qui
836 3316 944 3358 sua
980 3305 1195 3379 sponte
1233 3307 1500 3371 currunt,
1528 3317 1668 3358 cum
1700 3318 1821 3358 non
1863 3297 1985 3359 siut
2020 3295 2216 3370 electi,

465 3375 651 3450 missi,
690 3378 783 3438 vel
826 3377 1103 3440 ordinati.
1188 3377 1571 3441 Damnamus
1616 3378 2215 3460 minisum'iueptoo,

463 3467 524 3517 et
552 3479 674 3519 non
706 3460 1026 3522 instructos
1055 3460 1229 3523 donis
1259 3462 1480 3545 pastori
1515 3462 1883 3546 necessariis.-
1960 3458 2211 3522 Interim

465 3541 843 3620 agnoscimus
887 3543 1264 3624 quorundam
1303 3545 1363 3606 in
1394 3545 1577 3606 veteri
1614 3543 1863 3606 ecclesia
1901 3553 2212 3626 pastorum

460 3621 906 3704 simplicitatem
964 3626 1305 3701 innocuam,
1356 3627 1492 3708 plus
1546 3624 1868 3708 aliquando
1919 3625 2213 3709 profuisse

2390 2139 2400 2151 '
2388 1855 2418 2119 {ffssff’f'v‘
2389 1586 2418 1839 *fid—meu,
2395 1423 2413 1567 mmo-⁶2
2397 1420 2401 1425 -
2398 1360 2406 1367 ·

2364 3376 2377 3436 τ

2350 3443 2383 3489 ⁴

2359 3503 2377 3563 i

2358 3604 2373 3667 5

2355 3675 2373 3771 ἰ,
