2418 4172
436 363 509 416 84
1034 364 1522 418 CONFESSIO

437 506 822 568 muniantur
848 506 1252 590 spiritualiter,
1282 508 1489 587 utique
1519 527 1638 567 non
1669 506 1960 589 corporali
1985 503 2188 580 modo¹

438 588 542 651 sed
585 589 900 672 spirituali,
943 611 1049 673 per
1086 590 1379 673 Spiritum
1412 590 1724 662 Sanctum,
1764 587 1868 669 qui
1906 588 2189 650 videlicet

437 693 527 746 ea,
548 692 687 754 quae
715 693 823 755 per
842 694 1081 734 carnem
1114 686 1175 734 et
1203 672 1557 755 sanguinem
1588 670 1841 733 Domini
1873 692 1983 752 pro
2011 670 2187 732 nobis

439 753 502 817 in
547 767 801 816 mortem
848 755 1083 829 tradita,
1120 770 1327 838 parata
1369 768 1528 828 sunt,
1565 754 1755 837 ipsam
1803 753 2052 833 inquam
2096 773 2188 814 re-

436 837 783 899 missionem
815 850 1220 920 peccatorum,
1250 838 1684 909 liberationem,
1713 847 1774 896 et
1801 835 1987 896 vitam
2015 846 2188 897 oeter·

435 941 600 994 nam,
643 919 907 1014 applicat
954 933 1018 982 et
1065 920 1296 981 confert
1338 920 1531 994 nobis,
1573 919 1657 981 ita
1697 930 1766 980 ut
1800 917 2078 979 Christus
2120 916 2187 980 in

349 1007 356 1014 ’
435 1002 611 1064 nobis
637 1013 819 1077 vivat,
846 1015 907 1064 et
936 1025 1044 1063 nos
1079 1003 1142 1064 in
1183 1003 1314 1086 ipso
1341 1002 1636 1075 vivamus,
1664 999 1968 1094 efficitque
1996 1011 2066 1062 ut
2093 999 2188 1083 ip-

434 1107 588 1159 sum,
616 1107 738 1166 quo
781 1085 914 1145 talis
954 1085 1032 1145 sit
1072 1085 1243 1146 cibus
1285 1096 1348 1146 et
1385 1096 1563 1165 potus
1602 1084 1928 1165 spiritualis
1962 1094 2186 1155 noster,

433 1166 494 1229 id
552 1180 662 1241 est,
709 1167 833 1227 vita
881 1179 1101 1239 nostra,
1149 1188 1289 1227 vera
1337 1165 1466 1227 fide.
1507 1166 1927 1248 percipiamus.
2011 1166 2186 1228 Sicut

431 1249 592 1312 enim
638 1248 811 1310 cibus
853 1260 917 1308 et
953 1260 1130 1331 potus
1170 1246 1493 1329 corporalis
1531 1269 1781 1329 corpora
1817 1259 2020 1309 nostra
2060 1269 2185 1311 non

432 1343 669 1392 tantum
702 1331 979 1392 reficiunt
1017 1353 1088 1391 ac
1126 1331 1427 1402 roborant,
1458 1328 1562 1390 sed
1601 1342 1664 1390 et
1701 1329 1916 1391 invita
1947 1351 2187 1392 conser-

430 1424 615 1474 vant}
652 1414 735 1473 ita
777 1423 840 1473 et
882 1435 1020 1474 caro
1048 1412 1276 1473 Christi
1314 1410 1533 1474 tradita
1574 1433 1684 1494 pro
1722 1410 1917 1485 nobis,
1944 1422 2009 1473 et
2049 1433 2187 1474 san·

430 1496 566 1579 guis
604 1494 733 1575 ejus
772 1495 991 1557 effusus
1031 1517 1141 1578 pro
1171 1495 1364 1570 nobis,
1393 1516 1513 1555 non
1544 1505 1782 1556 tantum
1814 1493 2095 1558 reficiunt
2121 1504 2186 1567 et

431 1580 715 1650 roborant
756 1577 988 1640 animas
1035 1590 1284 1652 nostras,
1314 1577 1416 1639 sed
1461 1577 1642 1638 etiarn
1686 1578 1747 1638 in
1778 1577 1900 1639 vita
1943 1598 2186 1640 conser-

431 1673 596 1735 vant,
626 1683 746 1721 non
777 1673 1072 1741 quatenus
1102 1660 1347 1742 quidem
1393 1682 1495 1721 cor
1578 1660 1780 1722 raliter
1819 1659 2084 1722 eduntur
2120 1671 2184 1723 et

431 1744 741 1818 bibuntur,
769 1742 871 1804 sed
910 1757 1208 1824 quatenus
1247 1682 1636 1826 spiritualiter
1668 1742 1841 1804 nobis
1880 1765 1918 1804 a
1951 1742 2183 1827 Spiritu

427 1825 550 1888 Dei
605 1826 1151 1900 communicantur,
1207 1825 1445 1888 dicente
1505 1825 1798 1899 Domino,
1846 1824 1936 1887 Et
1994 1827 2185 1908 panis

428 1930 603 1991 quem
634 1930 745 1993 ego
775 1908 928 1969 dabo
958 1930 1102 1969 caro
1128 1912 1264 1970 mea
1293 1917 1401 1982 est,
1429 1929 1611 1992 quam
1641 1908 1794 1969 dabo
1822 1930 1944 1990 pro
1971 1909 2186 1983 mundi

427 1993 575 2055 vita.
638 1993 817 2066 Item,
846 1991 1007 2053 Caro
1031 1991 1344 2069 (nimirum
1377 1991 1764 2073 corporaliter
1792 1991 2180 2071 manducata)

428 2096 547 2138 non
569 2075 820 2156 prodest
830 2075 1206 2217 guicqzmm3
1229 2074 1483 2155 spiritus
1505 2082 1614 2147 est,
1635 2074 1741 2155 qm'
1758 2071 2051 2156 vivficat.
2092 2073 2184 2136 Et

427 2158 612 2220 verba
655 2179 785 2240 quae
889 2178 1044 2239 quor
1078 2157 1243 2219 vobis
1281 2157 1536 2238 spiritus
1580 2164 1640 2217 et
1681 2156 1809 2218 vita
1850 2165 2013 2219 sunt.
2097 2156 2184 2220 Et

429 2241 585 2303 sicut
612 2250 852 2323 oportet
881 2241 1085 2301 cibum
1118 2240 1178 2300 in
1210 2240 1611 2322 nosmetipsos
1639 2238 1875 2301 edendo
1899 2240 2184 2324 recipere,

427 2335 497 2384 ut
536 2334 817 2406 operetur
855 2323 916 2384 in
962 2323 1156 2395 nobie,
1186 2344 1480 2403 suamque
1527 2323 1589 2382 in
1637 2323 1811 2383 nobis
1848 2322 2178 2385 efficaciam

429 2418 653 2478 exerat,
680 2427 820 2468 cum
852 2416 1022 2466 extra
1051 2427 1160 2465 nos
1272 2405 1420 2465 situs
1450 2405 1599 2465 nibil
1635 2405 1807 2465 nobis
1836 2405 2059 2488 prositz
2096 2406 2183 2468 ita

429 2510 670 2550 necesse
718 2498 811 2548 est
859 2509 968 2548 noa
1013 2487 1132 2548 fide
1178 2427 1488 2548 Elin-istum
1541 2487 1822 2570 recipere,
1866 2498 1935 2549 ut
1979 2500 2183 2550 noster

431 2572 555 2645 fiat,
586 2571 864 2651 vivatque
903 2570 962 2630 in
1005 2570 1200 2645 nobis,
1227 2581 1288 2631 et
1323 2591 1432 2630 nos
1471 2570 1531 2631 in
1563 2570 1714 2653 ipso.
1798 2569 1968 2633 Dicit
1995 2571 2181 2646 enim,

430 2652 577 2737 Ego
601 2674 737 2715 sum
759 2653 943 2734 panis
968 2653 1122 2714 vitm.
1189 2653 1320 2718 Qui
1346 2653 1513 2714 venit
1541 2652 1628 2713 ad
1648 2674 1763 2727 me,
1788 2674 1911 2715 non
1939 2654 2182 2727 esta-iet,

431 2743 493 2799 et
517 2737 627 2817 qui
654 2735 846 2798 credit
883 2737 948 2797 in
986 2757 1100 2811 me,
1129 2757 1249 2797 non
1275 2736 1441 2797 sitiet
1468 2757 1750 2819 unquam.
1836 2735 2020 2811 Item,
2053 2736 2185 2804 Qui

431 2818 623 2880 ederit
666 2840 779 2893 me,
815 2819 975 2881 vivet
1017 2827 1079 2880 et
1119 2819 1143 2879 i
1182 2840 1248 2879 se
1280 2827 1535 2900 propter
1570 2840 1703 2888 me,·
1758 2840 1834 2881 ac
1871 2828 2078 2883 manet
2115 2820 2182 2884 ἔκ

428 2923 543 2976 me,
573 2910 632 2962 et
662 2923 776 2984 ego
803 2902 869 2963 in
908 2903 1055 2984 ipso.
1125 2839 1222 2963 ἐκ
1254 2902 1476 2983 quibus
1505 2902 1789 2964 omnibus
1819 2902 2023 2979 claret,
2049 2924 2181 2978 nos,

428 3006 537 3069 per
564 2985 936 3068 spiritualem
976 2984 1205 3059 cibum,
1229 2985 1482 3047 minime
1517 2985 1852 3067 intelligere
1890 2985 2182 3067 imagina-

428 3067 584 3131 rium
617 3068 823 3130 nescio
850 3089 1036 3149 quem
1066 3067 1294 3143 cibum,
1314 3068 1417 3129 sed
1449 3069 1645 3151 ipsum
1677 3067 1934 3129 Domini
1963 3089 2180 3152 corpus

472 3172 538 3211 ro
574 3150 748 3212 nobis
768 3150 1090 3224 traditum,
1117 3150 1279 3231 quod
1311 3163 1514 3212 tamen
1554 3149 1920 3234 percipiatur
1954 3173 1991 3213 a
2036 3150 2182 3223 flde÷

427 3172 585 3294 libus
630 3255 752 3295 non
797 3232 1201 3317 corporaliter,
1242 3232 1346 3295 sed
1393 3233 1779 3317 spiritualiter
1824 3256 1932 3317 per
1973 3236 2178 3307 fldem.

429 3314 503 3375 In
536 3337 655 3396 qua
683 3339 745 3377 re
774 3316 1084 3399 sequimur
1106 3337 1219 3411 per
1244 3317 1450 3378 omnia
1477 3315 1811 3378 doctrinam
1843 3316 2031 3401 ipsius
2049 3314 2180 3377 Sal-

429 3399 646 3459 vatoris
674 3399 900 3462 Christi
932 3398 1207 3474 Domini,
1250 3398 1408 3483 apud
1446 3399 1629 3462 Joan.
1669 3400 1732 3461 in
1769 3420 1902 3483 cap.
1927 3398 2007 3460 vi.
2092 3396 2178 3459 Et

430 3477 530 3539 hic
570 3502 706 3541 esus
749 3483 962 3557 carnis,
989 3493 1051 3544 et
1092 3494 1272 3565 potus
1314 3483 1622 3565 sanguinis
1651 3480 1926 3555 Domini,
1960 3479 2044 3541 ita
2085 3492 2177 3543 est

430 3562 793 3624 necessarius
836 3564 911 3625 ad
955 3564 1231 3639 salutem,
1262 3577 1328 3626 ut
1372 3565 1499 3625 sinc
1542 3565 1675 3647 ipso
1716 3560 1917 3624 nullus
1958 3563 2173 3625 servari

427 3643 633 3725 possit.
720 3643 818 3705 Fit
876 3657 1078 3706 autem
1140 3646 1239 3706 hic
1296 3667 1433 3707 esus
1490 3659 1549 3707 et
1604 3657 1786 3728 potus
1847 3645 2174 3728 spiritualis
