2418 4172
519 362 625 414 442
956 359 1016 412 V.
1058 359 1492 412 DOCTRINAE·
1534 360 1823 426 CAPUT,

517 509 555 538 “
583 499 907 563 verendum
957 500 1013 560 in
1060 499 1178 560 fide
1222 500 1551 562 necessaria
1593 513 1751 575 sunt,
1792 523 2049 583 quaeque
2089 503 2261 565 Deus

515 592 551 620 “
582 583 655 645 ad
713 582 1177 644 conservandam
1238 583 1421 643 fidem
1482 582 1763 643 adbibere
1814 584 1960 656 vult,
2004 584 2263 666 pendere

516 678 552 703 ‘⁶
584 687 821 749 semper
849 688 882 726 a
911 665 1234 726 voluntatis
1265 665 1526 737 arbitrio,
1546 677 1612 725 ut
1643 678 1995 759 perseveret,
2013 666 2107 727 vel
2137 689 2260 729 non

514 756 550 784 “
579 749 958 831 perseveret.”
1031 748 1185 808 Haec
1214 748 1375 809 enim
1408 758 1704 808 sententia
1737 747 2119 808 manifestum
2152 749 2262 810 Pe-

516 831 937 913 lagianismum
970 832 1270 900 continet;
1315 842 1375 891 et
1407 830 1701 901 homines,
1730 829 2039 891 dum‘vult
2067 830 2262 892 facere

518 914 753 986 liberos,
791 913 935 973 facit
976 913 1312 995 sacrilegos,
1347 926 1559 991 contra
1602 924 1961 995 perpetuum
2005 934 2262 995 evange-

516 996 647 1057 licae
676 995 960 1056 doctrinoe
989 1017 1369 1068 consensum,
1391 1017 1528 1076 quae
1552 1016 1795 1054 omnem
1821 994 2111 1076 gloriandi
2138 1018 2263 1056 ma-

516 1078 727 1139 teriam
762 1077 991 1137 homini
1024 1077 1254 1151 adimit,
1283 1089 1344 1137 et
1375 1077 1552 1156 hujus
1585 1077 1858 1136 beneficii
1886 1076 2123 1138 laudem
2147 1078 2258 1139 soli

514 1160 730 1221 divinae
769 1159 971 1240 gratiae
1007 1159 1382 1228 transcribit;
1426 1170 1488 1217 et
1516 1170 1721 1218 contra
1749 1159 2109 1240 Apostolum
2141 1172 2261 1221 tes-

514 1253 783 1305 tantem:
829 1240 1032 1301 Deum
1078 1261 1204 1301 esse
1245 1241 1352 1323 qui
1394 1237 1775 1336 confirmabit
1815 1261 1926 1300 nos
1965 1262 2040 1302 us
2192 1242 2260 1304 ιἰι

489 1322 695 1407 finem
722 1321 1064 1404 inculpatos
1091 1323 1155 1384 in
1183 1323 1280 1384 die
1310 1322 1564 1384 Dommi
1591 1323 1788 1383 nostri
1812 1322 1971 1384 Jesu
2057 1323 2258 1388 teneti.

522 1419 545 1467 1
585 1407 724 1467 Cor.
756 1405 794 1466 i.
825 1417 882 1466 8.

1336 1489 1456 1550 111.

597 1573 718 1642 Qui
776 1571 1014 1646 docent,
1050 1572 1260 1634 “Vere
1314 1571 1622 1632 credentes
1679 1582 1742 1633 et
1789 1570 2085 1654 regenitos
2137 1594 2258 1633 non

513 1664 549 1692 “
580 1667 815 1716 tantum
850 1677 1023 1737 posse
1055 1678 1087 1715 a
1117 1654 1237 1715 fide
1255 1654 1648 1734 justificante,
1676 1655 1820 1714 item
1853 1654 2061 1735 grstia,
2080 1666 2142 1715 et
2168 1677 2260 1716 sa-

513 1746 548 1774 “
579 1739 704 1799 lute
734 1738 996 1798 totaliter
1025 1749 1086 1797 et
1115 1738 1373 1797 finaliter
1400 1735 1694 1810 excidere,
1716 1735 1819 1795 sed
1848 1736 2031 1797 etiam
2062 1737 2259 1820 reipsa

513 1831 550 1857 “
581 1842 698 1880 non
730 1842 859 1880 raro
888 1841 964 1879 ex
996 1819 1067 1879 iis
1096 1818 1389 1892 excidere,
1411 1831 1591 1899 atque
1612 1818 1673 1878 in
1698 1829 1985 1881 aeternum
2018 1819 2260 1901 perire.’⁹

511 1903 676 1963 Nam
724 1903 852 1963 hoec
895 1901 1100 1983 opinio
1144 1901 1336 1983 ipsam
1372 1901 1820 1979 justificationis
1849 1922 1919 1960 ac
1947 1922 2259 1982 regenera-

513 1985 692 2046 tionis
722 1983 994 2065 gratiam,
1022 1995 1083 2042 et
1111 1994 1463 2065 perpetuam
1495 1981 1722 2043 Christi
1754 1981 2090 2043 custodiam
2130 1984 2260 2045 irri-

513 2079 637 2128 tam
662 2065 873 2139 reddit,
891 2077 1100 2125 contra
1121 2064 1340 2125 diserta
1366 2064 1637 2146 Apostoli
1661 2063 1830 2124 Pauli
1853 2064 2053 2139 verba,
2076 2064 2258 2127 Rom.

511 2172 566 2209 v.
598 2161 656 2223 8,
683 2161 742 2223 9.
774 2148 846 2208 Si
879 2147 1163 2208 Christus
1181 2168 1299 2228 pro
1327 2147 1495 2207 nobis
1523 2155 1798 2207 mortuus
1818 2155 1927 2221 est,
1941 2168 2130 2230 quum
2149 2149 2259 2210 ad-

512 2231 629 2292 huc
684 2252 945 2292 essemus
985 2238 1350 2311 peccatores,
1393 2228 1583 2290 multo
1627 2230 1824 2312 igitur
1871 2230 2090 2313 magis,
2109 2229 2258 2314 jam

491 2311 833 2398 justificati
875 2315 938 2374 in
978 2314 1281 2396 sanguine
1323 2311 1469 2395 ejus,
1497 2312 1871 2373 servabimur
1902 2333 2021 2393 per
2048 2314 2086 2364 -'
2197 2336 2258 2376 m

514 2398 590 2459 ab
618 2398 733 2458 ira.
805 2396 888 2457 Et
917 2408 1124 2457 contra
1146 2396 1507 2479 Apostolum
1537 2395 1904 2469 Johannem,
1943 2407 1962 2456 1
1991 2395 2077 2458 Jo
2124 2442 2140 2457 .
2170 2397 2254 2458 iii.

512 2494 570 2555 9.
608 2479 821 2541 Omnis
849 2479 956 2562 qui
982 2488 1165 2540 natus
1191 2487 1279 2540 est
1307 2500 1380 2539 ex
1406 2478 1564 2548 Deo,
1585 2499 1700 2538 non
1724 2478 1832 2537 dat
1851 2498 2098 2559 operam
2109 2500 2256 2560 pec-

514 2571 648 2623 cato
667 2586 687 2622 .-
731 2562 878 2643 quia
906 2583 1107 2623 semen
1138 2561 1270 2643 ejus
1295 2562 1360 2620 in
1391 2582 1458 2621 eo
1487 2569 1710 2633 manet,
1741 2580 1851 2620 nec
1880 2569 2084 2641 potest
2110 2583 2255 2643 pec-

514 2666 671 2719 care,
713 2645 858 2727 quia
904 2665 977 2703 ex
1020 2644 1160 2703 Deo
1197 2643 1446 2726 genitus
1495 2651 1599 2703 est.
1684 2641 1819 2703 Nec
1869 2664 1990 2703 non
2046 2659 2254 2706 contra

512 2727 692 2788 verba
732 2727 881 2787 Jesu
929 2725 1176 2799 Christi,
1217 2725 1440 2787 Johan.
1481 2747 1540 2786 x.
1584 2735 1683 2798 28,
1723 2738 1821 2799 29.
1869 2723 2009 2808 Ego
2062 2726 2254 2789 vitam

511 2819 797 2871 ‹etet-nam
841 2809 915 2869 do
955 2808 1162 2870 ovibus
1202 2809 1368 2881 meis,
1397 2816 1456 2868 et
1500 2828 1619 2868 non
1653 2807 1943 2888 peribunt
1976 2808 2043 2870 in
2079 2817 2254 2871 der-

397 2962 410 2967 „
510 2915 671 2967 num,
698 2914 808 2953 nec
831 2892 1032 2973 rapiet
1062 2912 1164 2953 eas
1164 2891 1508 3035 Aquis-quam
1532 2890 1606 2951 de
1624 2911 1807 2951 manu
1837 2911 1970 2952 mea
1990 2918 2011 2961 ,-
2053 2890 2255 2955 Pater

512 2997 694 3048 meus,
723 2976 829 3058 qui
855 2975 1004 3035 mihi
1031 2996 1134 3035 eas
1205 2973 1345 3049 edit,
1366 2973 1563 3056 major
1593 2981 1682 3034 est
1709 2973 1999 3050 omnibus,
2018 2995 2130 3037 nec
2157 2974 2253 3037 ul-

514 3058 609 3120 lus
633 3066 830 3139 potest
858 3079 961 3118 eas
987 3078 1207 3139 rapere
1233 3057 1307 3118 de
1328 3078 1512 3200 ἰηῦιηη
1542 3055 1764 3117 Patris
1793 3056 1927 3116 mei.

593 3223 713 3292 Qui
746 3223 982 3296 docent,
1009 3231 1044 3260 “
1064 3223 1218 3284 Vere
1248 3222 1454 3283 fideles
1483 3244 1553 3283 ac
1581 3222 1878 3305 regenitos
1908 3244 2082 3305 posse
2110 3245 2252 3306 pec·

511 3316 546 3341 “
577 3327 709 3366 care
754 3318 1000 3388 peccato
1043 3305 1115 3366 ad
1164 3317 1436 3376 mortem,
1480 3306 1570 3365 vel
1622 3306 1680 3365 in
1729 3305 2021 3387 Spiritum
2066 3307 2249 3368 Sanc-

511 3395 547 3423 “
576 3389 755 3449 tum.”
828 3389 1035 3457 Quum
1067 3388 1226 3450 idem
1254 3388 1583 3471 Apostolus
1602 3387 1824 3449 Johan.
1848 3409 2052 3471 caps.
2085 3399 2247 3472 post-

511 3491 690 3549 quam
735 3492 884 3531 vers.
923 3470 1013 3544 16,
1057 3480 1148 3546 17.
1193 3470 1569 3554 peccantium
1616 3470 1689 3531 ad
1735 3482 1988 3531 mortem
2033 3469 2246 3532 memi-

511 3551 713 3627 nisset,
740 3565 799 3613 et
872 3575 936 3613 ro
965 3552 1037 3613 iis
1066 3575 1231 3614 orare
1252 3553 1555 3626 vetuisset,
1574 3553 1776 3614 statim
1807 3573 1954 3613 vers.
1983 3562 2073 3613 18.
2102 3551 2243 3611 sub-

500 3632 745 3713 jungatt
840 3636 1028 3698 cimus
1054 3636 1218 3718 quod
1239 3637 1510 3718 quisquis
1531 3643 1715 3697 natus
1741 3642 1830 3696 est
1851 3654 1925 3695 es
1947 3631 2103 3706 Deo,
2124 3655 2239 3694 urm
