2418 4172
434 341 507 395 62
1072 338 1563 394 CONFESSIO

435 482 633 545 clesioe
670 504 855 565 quam
902 481 1242 557 Christum,
1271 483 1355 544 ita
1389 504 1512 544 non
1555 483 1947 565 agnoscimus
1984 502 2203 564 quam*

437 566 588 628 libet
614 566 954 638 ecclesiam,
1021 587 1112 627 uae
1143 587 1205 626 se
1234 564 1503 627 venditat
1533 588 1643 648 pro
1660 587 1815 639 vera,
1837 586 2039 626 veram
2069 576 2201 626 esse

436 648 774 722 ecclesiam,
803 648 906 710 sed
948 649 985 709 il
1014 670 1111 710 am
1142 647 1431 710 docemus
1461 670 1658 709 veram
1696 668 1824 709 esse
1864 647 2200 723 ecclesiam,

438 732 498 793 in
550 752 671 814 qua
721 732 891 815 signa
935 731 1028 792 vel
1074 743 1233 792 notae
1279 731 1665 792 inveniuntur
1711 730 1983 791 ecclcsiae
2027 750 2200 806 vere,

437 814 736 897 imprimis
784 836 926 876 vero
961 812 1123 875 verbi
1164 813 1283 875 Dei
1332 813 1599 893 legitima
1635 813 1727 873 vel
1773 813 2001 873 sincera

434 895 676 973 dicatio,
711 909 891 980 prout
933 896 1108 957 nobis
1153 909 1245 957 est
1289 895 1507 958 tradita
1553 897 1612 956 in
1660 896 1827 956 libris
1869 893 2199 977 Propheta-

437 1001 571 1041 rum
616 994 678 1041 et
719 979 1173 1063 Apostolorum,
1211 979 1317 1060 qui
1362 1000 1574 1039 omnes
1619 978 1690 1039 ad
1733 977 2046 1039 Christum
2091 976 2198 1039 de-

436 1061 701 1124 ducunt:
745 1063 849 1144 qui
890 1062 950 1122 in
993 1062 1307 1143 evangelio
1344 1061 1520 1134 dixit,
1556 1062 1737 1123 Joan.
1767 1082 1827 1122 x.
1863 1060 2023 1123 Oves
2054 1080 2198 1123 meae

436 1165 635 1207 vocem
678 1166 873 1206 meam
917 1143 1195 1216 audiunt,
1239 1151 1300 1204 et
1341 1165 1455 1227 ego
1499 1164 1788 1226 cognosco
1832 1164 1954 1217 eas,
1996 1152 2057 1204 ct
2102 1164 2197 1206 se-

436 1236 711 1310 quuntur
738 1248 851 1301 me,
883 1234 942 1287 et
964 1247 1076 1309 ego
1095 1226 1285 1287 vitam
1312 1234 1601 1287 aternam
1629 1226 1705 1287 do
1726 1227 1831 1286 eis.
1903 1225 2196 1288 Alienum

437 1318 641 1371 autem
667 1331 787 1370 non
812 1316 1173 1391 sequuntur,
1198 1306 1593 1391 sedfugiunt
1629 1308 1707 1368 ab
1735 1329 1803 1368 eo
1827 1334 1849 1369 .-
1893 1330 2039 1391 qma
2076 1328 2196 1371 non

435 1400 733 1454 noverunt
772 1412 973 1453 vocem
1024 1390 1380 1451 alienorum.
1467 1389 1551 1451 Et
1594 1391 1696 1470 qui
1743 1390 1891 1451 tales
1940 1401 2084 1452 sunt
2130 1390 2195 1452 in

436 1475 707 1549 ecclesia,
738 1474 799 1535 hi
840 1494 1022 1535 unam
1073 1473 1298 1534 babent
1337 1472 1543 1547 fidem,
1573 1494 1761 1534 unum
1803 1473 2105 1556 spiritum,
2132 1484 2197 1536 et

437 1557 658 1619 idcirco
688 1578 877 1618 unum
920 1557 1115 1617 solum
1147 1556 1350 1617 Deum
1395 1555 1662 1630 adorant,
1691 1556 1885 1616 solum
1927 1557 2093 1619 hunc
2130 1555 2191 1619 in

436 1641 650 1723 spiritu
702 1652 764 1702 et
807 1640 1055 1700 veritate
1106 1640 1335 1709 colunt,
1387 1639 1550 1700 hunc
1599 1660 1673 1699 ex
1727 1651 1857 1700 toto
1905 1638 2086 1701 corde
2132 1647 2196 1700 et

436 1723 721 1784 omnibus
765 1722 988 1782 viribus
1032 1723 1226 1782 solum
1271 1721 1553 1803 diligunt,
1595 1722 1808 1782 solum,
1835 1743 1944 1805 per
1983 1721 2195 1784 Chris-

437 1818 567 1867 tum
595 1805 1001 1867 Metliatorem
1033 1817 1094 1865 et
1118 1805 1576 1866 Intercessorem
1611 1804 1858 1865 unicum
1892 1805 2193 1881 invocant,

436 1901 605 1950 extra
648 1888 982 1962 Christum,
1024 1887 1332 1969 fidemque
1375 1888 1435 1947 in
1490 1888 1505 1948 i
1554 1909 1710 1962 sum,
1754 1888 1982 1949 nullam
2028 1908 2195 1971 quoe-

438 1983 580 2033 runt
605 1970 906 2052 justitiam
951 1981 1013 2031 et
1052 1970 1272 2031 vitamt
1316 1970 1458 2050 quia
1553 1970 1809 2030 hristum
1855 1970 2049 2031 solum
2095 1993 2195 2033 ca·

482 2066 549 2115 ut
587 2065 649 2115 et
691 2052 1152 2115 fundamentum
1198 2051 1468 2113 ecclesiae
1510 2064 1865 2134 agnoscunt,
1905 2074 1975 2114 ac
2013 2073 2194 2136 super

436 2076 556 2198 lioc
592 2136 856 2219 impositi
899 2133 1169 2215 quotidie
1209 2156 1272 2195 se
1307 2135 1666 2216 poenitentia
1706 2155 1766 2195 re
1812 2147 2001 2211 arant,
2037 2135 2195 2231 pati-

437 2218 599 2279 entia
629 2217 972 2300 impositam
1006 2217 1152 2299 ipsis
1171 2237 1411 2278 crucem
1443 2216 1662 2292 ferunt,
1686 2156 1811 2278 sed)
1819 2230 1881 2279 et
1899 2217 2192 2283 charitate

436 2323 557 2361 non
602 2302 760 2374 ficta,
803 2321 942 2361 cum
984 2299 1270 2360 omnibus
1313 2299 1541 2360 Christi
1588 2301 1872 2361 membris
1914 2301 2193 2373 connexi,

439 2384 551 2444 hac
582 2405 644 2444 se
674 2382 981 2444 declarant
1007 2380 1333 2465 discipulos
1362 2404 1491 2443 esse
1513 2382 1737 2444 Christi
1761 2383 2192 2466 perseverando

436 2467 496 2527 in
541 2465 783 2527 vinculo
831 2466 998 2549 pacis
1049 2476 1232 2546 atque
1283 2465 1528 2526 unitatis
1578 2476 1830 2527 sanctoe:
1879 2466 2080 2529 Simul
2125 2478 2194 2532 et

435 2549 644 2632 partici
695 2560 798 2610 ant
843 2547 1229 2611 sacramentis
1281 2571 1315 2610 a
1357 2548 1603 2610 Christo
1651 2549 1963 2625 institutis,
2001 2563 2067 2612 et
2113 2549 2192 2613 ab

436 2571 722 2715 apostoiis
776 2631 1041 2692 traditisz
1086 2652 1283 2712 neque
1328 2631 1421 2692 his
1473 2633 1644 2693 aliter
1692 2643 1964 2708 utuntur,
2004 2653 2188 2715 quam

437 2714 524 2775 uti
565 2735 704 2776 acce
784 2726 924 2776 runt
954 2738 988 2775 a
1017 2714 1307 2775 Domino.
1393 2714 1628 2775 Notum
1669 2727 1761 2775 est
1796 2715 1961 2777 enim
1995 2716 2192 2778 omni·

438 2798 551 2858 bus
583 2797 689 2858 illu
760 2796 1099 2880 Apostoli,1
1131 2796 1407 2858 Corinth.
1436 2797 1519 2860 xi.
1553 2798 1692 2879 Ego
1721 2798 1879 2859 enim
1908 2800 2191 2882 accepi-a

439 2879 719 2955 Domina,
749 2882 912 2965 quod
939 2888 999 2942 et
1029 2879 1261 2942 tradidi
1285 2879 1470 2942 vobis.
1543 2880 1800 2941 Proinde
1827 2880 2189 2943 damnamus

439 2961 568 3024 illas
598 2961 897 3039 ecclesias,
926 2976 994 3024 ut
1024 2963 1246 3025 alienas
1276 2984 1311 3023 a
1342 2983 1479 3023 vcra
1507 2962 1734 3024 Christi
1758 2963 2028 3039 ecclesia,
2049 2982 2188 3045 quae

435 3046 583 3108 tales
612 3067 733 3107 non
763 3059 924 3120 sunt,
951 3046 1160 3127 quales
1188 3067 1317 3106 esse
1344 3044 1563 3107 debere
1591 3045 1951 3120 audivimus,
1972 3057 2190 3109 utenti-⁴

436 3150 556 3210 que
585 3129 825 3191 interim
851 3129 1085 3209 jactent
1114 3127 1552 3191 successionem
1584 3129 2029 3212 cpiscoporum,
2056 3129 2190 3192 uni-

437 3222 645 3282 tatem,
693 3223 757 3274 et
803 3211 927 3274 anti
977 3211 1247 3273 uitatem.
1335 3210 1631 3281 Quinimo
1678 3211 2040 3295 praecipiunt
2079 3227 2189 3274 nos

439 3294 529 3353 bis
559 3294 834 3377 apostoli,
855 3307 923 3357 ut
1012 3294 1247 3378 giamus
1278 3293 1675 3356 idololatriam
1699 3307 1762 3357 et
1783 3294 2188 3378 Babylonem,

438 3386 499 3435 ct
538 3398 613 3445 ne
652 3377 1081 3460 participemus
1113 3398 1254 3439 cum
1292 3377 1425 3450 hac,
1459 3378 1573 3438 nisi
1613 3390 1674 3439 et
1712 3378 2023 3462 plagarum
2062 3376 2184 3439 Dei

439 3458 757 3539 participes
814 3483 943 3522 csse
992 3460 1268 3531 velimus,
1322 3478 1341 3521 1
1394 3460 1671 3523 Corinth.
1715 3482 1773 3522 x.
1827 3477 1850 3520 1
1897 3455 2078 3521 Joan.
2128 3481 2186 3520 v.

436 3539 629 3621 Apoc.
660 3540 821 3601 xviii.
854 3555 887 3603 2
913 3543 1050 3603 Cor.
1081 3541 1157 3603 vi.

520 3620 1032 3685 communionem
1076 3644 1219 3686 vero
1266 3644 1406 3686 cum
1461 3624 1715 3687 ecclesia
1755 3622 1983 3687 Christi
2028 3644 2186 3702 vera,

2380 2417 2406 2879 ⁸9³-2'tsgqae.Q-j‚3..·wo-nsm
2384 2388 2387 2390 ¹
2387 2322 2396 2338 ι»
2384 2280 2395 2298 ’Δ
2391 2229 2401 2245 a„

2349 3462 2358 3469 .

2381 3598 2387 3636 ,μ
2382 3490 2394 3551 ww„
2369 3427 2400 3466 μζ
2376 3373 2390 3398 -J
2377 3074 2396 3354 mw¹efiow³*
2394 3015 2395 3018 „
