2418 4172
797 404 1269 459 SAXONICA.
1796 404 1905 463 298

166 546 287 620 sie,
313 546 456 628 qnia
482 546 956 627 magnitudinem
989 547 1090 608 iroe
1118 545 1239 607 Dei
1271 545 1398 605 baec
1426 542 1663 603 infirma
1693 557 1902 607 natura

165 629 455 691 sustinere
500 651 620 690 non
667 641 887 714 posset,
931 629 1087 690 sicut
1130 627 1352 689 Daniel
1409 635 1575 686 orat:
1634 624 1903 706 Propter

164 709 498 774 Doneinum
541 712 761 773 muudi
800 732 926 784 nos,
956 719 1017 771 et
1053 711 1287 790 respice
1326 716 1598 770 nostrum
1637 707 1902 782 exilium,

164 795 275 856 διο.
358 795 592 856 Tamen
628 806 691 854 et
735 794 849 854 hoc
886 792 1189 864 docemus,
1218 801 1461 873 propter
1487 790 1680 872 ipsam
1710 800 1899 852 totam

164 876 610 937 conversionem
630 895 874 956 quoque
896 872 1157 955 mitigari
1177 892 1427 955 poenas:
1470 872 1615 954 quia
1643 872 1703 933 in
1735 895 1902 934 sanc-

164 957 243 1019 tis
285 957 706 1041 promissiones
749 956 968 1039 legales
1011 954 1231 1016 additae
1273 954 1571 1037 operibus,
1603 976 1725 1016 non
1763 966 1904 1016 sunt

162 1038 360 1111 irrita,
389 1038 493 1100 sed
533 1039 757 1100 babent
799 1061 906 1100 sua
942 1037 1224 1122 proemia:
1266 1037 1459 1119 qualis
1488 1048 1596 1111 est,
1625 1037 1814 1113 Date,
1845 1047 1904 1099 et

164 1122 409 1184 dabitur
446 1122 652 1184 vobist
697 1133 758 1182 et
799 1143 936 1183 cum
984 1122 1203 1182 Paulus
1246 1120 1459 1202 inquit,
1493 1120 1567 1180 Si
1586 1119 1905 1203 judicare·

162 1225 299 1267 usus
341 1226 451 1266 nos
498 1205 635 1286 ipsi,
677 1226 793 1266 non
818 1205 1290 1287 judicaremur-,-
1343 1202 1611 1284 loquitur
1656 1203 1733 1265 de
1776 1215 1905 1265 tota

163 1287 539 1372 penitentia,
580 1310 702 1348 non
760 1287 835 1348 de
891 1288 1008 1348 illis
1060 1285 1397 1347 vanissimis
1456 1286 1702 1362 umbris,
1757 1308 1905 1367 quas

163 1369 474 1454 disputant
501 1370 682 1431 etiam
715 1370 926 1442 valere,
956 1370 1004 1430 si
1034 1369 1170 1452 quis
1198 1369 1466 1452 relapsus
1497 1369 1574 1430 sit
1603 1368 1665 1430 in
1694 1390 1905 1452 pecca-

165 1462 296 1514 tum
326 1454 596 1514 mortale.
1735 1510 1744 1518 ,

127 1604 137 1613 .
245 1533 687 1617 Excogitantur
723 1546 923 1595 autem
960 1545 1023 1594 et
1048 1534 1109 1594 in
1143 1534 1256 1594 bac
1284 1533 1532 1594 materia
1558 1555 1728 1595 novae
1756 1555 1910 1617 proe-

164 1617 371 1700 stig-ie.
455 1616 748 1678 Fatentur
782 1617 1213 1677 satisfactiones
1248 1637 1367 1675 non
1400 1636 1527 1676 esse
1555 1636 1908 1698 compensa-

164 1698 376 1774 tiones,
416 1698 519 1759 sed
574 1698 786 1759 dicunt
842 1697 1241 1758 admittendas
1290 1718 1420 1757 esse
1473 1698 1904 1758 satisfactiones

162 1779 587 1862 castigatorias,
629 1780 785 1840 sicut
834 1779 1052 1839 Paulus
1102 1779 1486 1839 Corinthium
1533 1780 1731 1861 punit.
1812 1779 1908 1840 Ea

161 1860 472 1944 castigatio
497 1873 623 1923 erat
649 1861 1215 1936 excommunicatiO,
1244 1871 1306 1921 et
1332 1859 1595 1922 fatentur
1619 1883 1750 1922 reos
1780 1884 1908 1923 ma—

163 1942 511 2006 nifestorum
546 1945 833 2006 scelerum
866 1967 899 2004 a
929 1944 1200 2025 legitimo
1219 1943 1452 2023 judicio
1479 1955 1542 2005 et
1567 1943 1775 2005 ordine
1804 1966 1908 2007 ex-

162 2027 694 2089 communicandos
722 2049 871 2101 esse,
899 2048 1011 2087 nec
1038 2038 1128 2088 est
1155 2027 1332 2086 inane
1360 2026 1591 2086 fulmen
1610 2026 1776 2107 justa
1803 2049 1907 2088 ex-

164 2109 649 2171 communicatio.
732 2109 851 2169 Sed
900 2121 1103 2169 tamen
1147 2119 1409 2191 potestas
1451 2108 1740 2171 Ecclesiae
1779 2133 1905 2172 non

164 2192 341 2274 punit
380 2192 438 2252 vi
482 2192 792 2275 corporali,
833 2213 1082 2263 carcere,
1126 2203 1230 2252 aut
1278 2190 1495 2251 inedia.
1579 2191 1798 2254 Carcer
1842 2204 1905 2253 et

165 2274 461 2358 supplicia
501 2276 743 2358 publica
784 2274 858 2334 ad
902 2274 1174 2356 politicas
1219 2273 1677 2354 gubernationes
1721 2276 1905 2357 perti-

164 2367 328 2417 nent.
409 2357 604 2418 Tanta
646 2368 735 2417 est
778 2368 979 2417 autem
1023 2355 1375 2439 perversitas
1410 2356 1807 2436 quorundam,
1835 2368 1904 2418 ut

163 2448 508 2520 quanquam
533 2438 832 2499 evidentia
858 2438 1122 2500 veritatis
1152 2438 1426 2500 convinci
1457 2461 1520 2499 se
1550 2439 1908 2522 intelligant,

58 2568 69 2575 -
162 2531 367 2583 tamen
396 2533 662 2604 quaerant
691 2522 1130 2615 sophismatum
1169 2520 1360 2594 ludos,
1388 2542 1485 2595 ne,
1514 2522 1562 2582 si
1606 2521 1903 2596 cederent,

161 2602 489 2688 prodidisse
532 2606 722 2665 socios
764 2605 1199 2667 existimentur.
1283 2603 1474 2678 Deus,
1516 2605 1622 2686 qui
1671 2614 1763 2666 est
1809 2605 1904 2665 in-

163 2697 402 2782 spector
436 2687 727 2763 cordium,
755 2688 869 2749 scit
907 2710 1015 2750 nos
1054 2686 1315 2770 simplici
1355 2685 1555 2748 studio
1591 2688 1902 2750 veritatem

164 2769 519 2849 quoesivisse.

708 2865 1354 2906 ——-*—-————

668 2983 913 3051 XVIII.
945 2989 1052 3052 De
1089 2989 1403 3073 ConjugiO.

170 3080 529 3163 SEMPER
555 3104 617 3164 in
646 3105 769 3166 sola
786 3098 1060 3167 Ecclesia
1082 3107 1304 3167 mansit
1325 3106 1666 3187 incorrupta
1687 3103 1902 3165 veritas

167 3183 243 3245 de
278 3185 577 3268 conjugio.
661 3187 791 3248 Scit
821 3188 983 3250 enim
1016 3188 1304 3263 Ecclesia,
1331 3189 1535 3250 Deum
1580 3188 1643 3247 in
1687 3207 1905 3269 genere

169 3267 436 3328 humano
483 3288 662 3351 vagas
710 3269 986 3333 libidines
1042 3272 1411 3333 severissime
1464 3269 1801 3365 prohibere,
1842 3280 1905 3331 et

50 3381 56 3392 ³
166 3349 320 3445 velle
360 3350 608 3445 intelligi
649 3363 710 3412 et
746 3354 1008 3436 praestari
1046 3355 1403 3428 castitatem,
1433 3364 1588 3413 sicut
1617 3352 1743 3436 ipse
1769 3373 1906 3413 eam

45 3447 55 3461 ’
166 3431 421 3507 ordinat,
450 3445 518 3494 ut
560 3455 756 3517 ipsum
801 3457 1043 3529 quoque
1086 3437 1343 3497 sciamus
1388 3445 1650 3496 mentem
1690 3456 1901 3518 puram

167 3524 232 3576 et
266 3526 491 3577 castam
533 3538 694 3577 esse:
737 3529 799 3579 et
837 3540 872 3579 a
904 3518 1155 3579 diabolis
1183 3518 1607 3594 discernamus,
1635 3517 1739 3599 qui
1768 3517 1907 3579 odio

168 3595 289 3660 Dei
329 3598 701 3661 delectantur
741 3601 1190 3664 confiisionibus
1234 3600 1588 3672 libidinum;
1645 3611 1707 3662 et
1749 3601 1905 3663 hanc

1021 3695 1129 3744 113

1661 3769 1698 3784 l
