2418 4172
477 306 588 359 222
1110 302 1591 360 CONFESSIO

475 443 650 510 Alius
677 466 891 520 canon,
918 445 1054 529 plus
1089 444 1423 507 concedens
1452 444 1771 508 bominum
1800 445 2220 522 imbecillitati,

476 527 646 591 addit
685 550 872 590 annos
913 527 1165 610 aliquot,
1193 539 1357 592 vetat
1387 528 1548 590 enim
1580 538 1719 590 ante
1747 550 1974 592 annum
2009 542 2082 594 18
2113 553 2221 593 vo-

473 621 607 673 tum
639 610 785 672 fieri.
872 609 991 671 Sed
1035 622 1236 672 utrum
1283 632 1622 691 sequemur,
1652 611 1919 672 maxima
1945 634 2081 696 pars
2111 613 2219 675 ba·-

472 694 578 756 bet
605 693 1051 755 excusationem
1082 715 1191 753 cur
1219 693 1574 754 monasteria
1605 692 1897 765 deserant,
1920 696 2063 776 quia
2081 696 2217 789 plu-

474 776 608 837 rimi
650 787 789 836 ante
829 776 984 836 banc
1011 788 1249 835 aetatem
1282 787 1589 837 voverunt.
1676 776 2004 850 Postremo,
2030 789 2215 840 etlam

472 858 521 918 si
551 858 672 920 voti
704 857 946 918 violatio
974 857 1326 939 reprebendi
1354 871 1578 951 posset,
1597 869 1799 918 tamen
1832 882 1952 919 non
1981 858 2217 921 videtur

471 940 676 1002 statim
717 940 906 1019 sequi,
933 938 1095 1019 quod
1126 938 1408 1021 conjugia
1435 940 1650 1001 talium
1679 962 2063 1022 personarum
2095 940 2217 1003 dis-

471 1020 753 1083 solvenda
795 1022 933 1081 sint.
1016 1020 1182 1081 Nam
1211 1022 1588 1103 Augustinus
1630 1034 1812 1104 negat
1847 1021 2064 1084 debere
2091 1022 2215 1085 dis-

470 1105 617 1165 solvi
642 1113 740 1179 27.
763 1112 972 1182 quaest.
1003 1113 1055 1162 1.
1083 1124 1213 1183 cap.
1251 1102 1643 1184 Nuptiarum,
1665 1105 1835 1185 cujus
1859 1126 1981 1166 non
2002 1116 2094 1166 est
2124 1106 2212 1167 le-

468 1186 556 1247 vis
586 1185 890 1256 autoritas,
917 1183 1150 1243 etiamsi
1182 1184 1280 1244 alii
1312 1197 1519 1265 postea
1549 1185 1719 1245 aliter
1747 1199 2077 1248 senserunt.

549 1269 913 1346 Quanquam
943 1277 1142 1325 autem
1178 1265 1525 1326 mandatum
1557 1266 1678 1327 Dei
1705 1266 1781 1327 de
1810 1266 2093 1349 conjugio
2126 1270 2211 1330 vi·

465 1349 675 1411 deatur
696 1349 1010 1430 plerosque
1036 1347 1289 1426 liberare·
1310 1370 1346 1407 a
1373 1347 1547 1419 votis,
1574 1359 1776 1409 tamen
1802 1348 2055 1411 afferunt
2075 1372 2214 1412 nos-

464 1432 537 1493 tri
577 1443 640 1492 et
676 1430 853 1491 aliam
889 1430 1179 1490 rationem
1211 1428 1286 1490 de
1314 1430 1489 1502 votis,
1520 1429 1681 1511 quod
1712 1431 1834 1492 sint
1861 1430 2042 1506 irrita,
2111 1433 2212 1495 uia

461 1514 660 1577 omnis
699 1514 897 1575 cultus
930 1512 1071 1586 Dei,
1101 1513 1176 1573 ab
1217 1512 1565 1573 hominibus
1604 1512 1733 1573 sine
1772 1455 2208 1577 mandatoiiki

462 1597 772 1658 institutus
815 1607 876 1656 et
919 1595 1144 1656 electus
1182 1594 1254 1655 ad
1299 1594 1759 1676 promerendam
1793 1596 2206 1659 remissionem

461 1691 843 1762 peccatorum
912 1689 973 1737 et
1024 1676 1540 1757 justificationem,
1599 1678 1821 1759 impius
1885 1691 1996 1751 est,
2051 1679 2208 1741 sicut

460 1762 739 1823 Christus
769 1760 872 1834 ait,
892 1759 1160 1820 Frustra
1191 1758 1397 1820 colunt
1426 1780 1521 1820 me
1545 1759 1853 1821 mandatis
1880 1759 2205 1823 hominum.

459 1844 545 1906 Et
572 1843 793 1905 Paulus
822 1842 1050 1924 ubique
1076 1841 1272 1914 docet,
1289 1841 1592 1921 justitiam
1621 1864 1743 1902 non
1773 1864 1902 1903 esse
1938 1864 2207 1924 queren-

458 1926 596 1988 dam
637 1947 712 1987 ex
750 1924 966 1986 nostris
1004 1923 1521 1984 observationibus
1549 1935 1612 1983 et
1641 1924 1922 1995 cultibus,
1949 1925 2055 2006 qui
2084 1926 2206 1989 sint

413 2014 418 2019 ’
458 2008 780 2091 excogitati
826 2006 903 2067 ab
947 2005 1316 2075 hominibus,
1357 2004 1459 2065 sed
1517 2005 1865 2086 contingere
1913 2027 2048 2069 eam
2098 2028 2207 2090 per

458 2093 642 2154 fidem
673 2089 1054 2151 credentibus
1084 2110 1147 2147 se
1178 2087 1397 2147 habere
1423 2086 1626 2148 Deum
1657 2087 1965 2169 placatum
1985 2100 2048 2151 et
2069 2111 2206 2171 pro-

456 2174 673 2259 pitium
721 2182 962 2255 propter
1004 2170 1339 2244 Christum,
1382 2192 1502 2231 non
1547 2182 1795 2253 propter
1839 2170 1963 2232 ulla
2004 2185 2205 2235 nostra

455 2269 792 2400 me(iiiiii-stat
826 2347 1027 2397 autem
1069 2335 1399 2396 monachos
1436 2333 1729 2406 docuisse,
1758 2333 1921 2415 quod
1955 2334 2200 2399 factitias

453 2422 767 2503 religiones
826 2429 1168 2479 mereantur
1221 2417 1630 2477 remissionem
1691 2429 2072 2498 peccatorum
2137 2429 2199 2478 et

442 2502 963 2585 justificationem,
1008 2512 1070 2559 et
1120 2498 1280 2579 quod
1382 2521 1448 2558 ro
1495 2498 1756 2580 peccatis
1814 2498 2197 2562 satisfinciant.

453 2584 616 2656 Quid
651 2585 766 2644 hoc
793 2596 885 2643 est
915 2581 1073 2642 aliud
1104 2603 1285 2662 quam
1359 2603 1392 2640 e
1422 2581 1608 2662 gloria
1631 2580 1855 2641 Christi
1884 2579 2199 2644 detrahere

452 2680 513 2730 et
540 2669 874 2739 obscurare,
895 2686 964 2725 ac
984 2685 1201 2744 negare
1219 2662 1520 2743 justitiam
1553 2662 1737 2723 fidei?
1779 2662 2063 2744 Sequitur
2086 2664 2199 2747 igi-

452 2764 551 2813 tur
599 2750 713 2811 ista
759 2761 898 2811 vota
948 2745 1166 2807 usitata
1215 2745 1433 2827 impios
1483 2746 1682 2806 cultus
1734 2745 1954 2816 fuisse;
2011 2767 2196 2829 qusre

450 2844 591 2895 sunt
618 2832 798 2893 irrita.
883 2828 1047 2890 Nam
1079 2840 1287 2889 votum
1321 2828 1600 2910 impium,
1628 2841 1689 2888 et
1718 2827 1943 2890 factum
1987 2840 2194 2891 contra

452 2914 733 2978 mandata
775 2912 895 2974 Dei
940 2934 1061 2973 non
1102 2911 1280 2985 valet,
1317 2932 1510 2992 neque
1554 2910 1717 2971 enim
1762 2910 1943 2973 debet
1982 2924 2190 2974 votum

449 2998 756 3060 vinculum
789 3017 918 3056 esse
946 2993 1296 3075 iniquitatis,
1326 3006 1394 3054 ut
1422 3015 1611 3054 canon
1645 2993 1811 3054 dicit.

532 3081 751 3143 Paulus
778 3078 945 3148 dicit,
975 3077 1281 3139 Ευαειιαὲἰ
1309 3076 1452 3138 estis
1480 3098 1519 3137 a
1556 3075 1799 3137 Christo
1826 3075 1936 3158 qui
1960 3075 2028 3137 s'n
2054 3074 2194 3160 Iege

427 3161 881 3248 justificamini,
924 3182 964 3223 a
1000 3160 1217 3243 gratia
1259 3158 1566 3221 excidistis
1583 3186 1604 3229 ,-
1651 3157 1712 3219 id
1754 3171 1864 3233 est,
1905 3158 2012 3241 qui
2054 3178 2190 3252 squ·

447 3248 606 3309 tiunt
661 3243 824 3328 quod
875 3255 1216 3305 mereantur
1264 3241 1517 3324 propriis
1566 3240 1846 3325 operibus
1893 3238 2189 3303 remitto·

447 3352 586 3423 nem
637 3338 1042 3423 peccatorum,
1084 3336 1146 3386 et
1232 3323 1352 3385 uod
1400 3322 1989 3418 propter-propriam
2036 3318 2185 3402 legis

444 3411 878 3553 :2⁹33ssssssss
891 3401 2185 3577 pssffissffoesskssi‘flffffissssssffrssffi

444 3574 671 3635 sionem
714 3585 1093 3656 pcccatorum
1126 3594 1233 3655 per
1259 3568 1725 3634 misericordiam
1754 3565 1895 3640 Du,
1920 3576 1984 3628 et
2018 3564 2180 3648 quod
