2418 4172
769 384 1240 441 SAXONICA.
1765 389 1873 447 297

140 529 201 590 in
231 524 571 589 muniendis
599 525 863 619 conjugii
893 526 1144 609 legibus,
1166 526 1226 586 in
1255 523 1571 609 puniendis
1591 537 1652 586 et
1672 530 1876 610 prohi-

139 608 349 672 bendis
393 609 556 689 vagis
596 608 980 670 libidinibusz
1021 608 1099 670 de
1139 629 1261 689 qua
1301 629 1365 669 re
1401 618 1606 669 extare
1646 623 1876 673 nostras

138 691 745 755 commonefactiones
788 690 862 752 ad
904 712 1146 751 omnem
1190 690 1625 783 posteritatem,
1659 692 1879 772 gaude-

141 796 293 835 mus.
378 774 573 835 Simul
611 774 791 834 etiam
829 794 1068 832 oramus
1102 770 1325 832 Filium
1361 771 1501 846 Dei,
1536 770 1875 835 Dominum

140 867 410 918 nostrum
443 856 660 916 desum
701 853 1035 927 Christum,
1063 852 1376 913 custodem
1403 853 1713 929 Ecclesiae,
1743 877 1879 918 vere

139 948 440 1000 amantem
486 936 793 1007 castitatis,
821 947 890 996 ut
924 934 1152 1018 Spiritu
1197 956 1306 996 suo
1347 947 1511 997 casto
1552 936 1616 998 in
1658 939 1880 1000 multo-

139 1039 274 1082 rum
303 1017 582 1085 cordibus
611 1017 899 1079 accendat
925 1018 1282 1093 castitatem,
1310 1029 1374 1079 et
1407 1020 1609 1081 flectat
1645 1032 1879 1082 mentes

222 1103 602 1164 bernatorum
635 1101 709 1162 ad
740 1100 1016 1162 salutaria
1044 1101 1308 1175 consilia,
1335 1112 1396 1163 et
1423 1103 1711 1185 reprimat
1729 1102 1881 1165 Dia-

138 1124 369 1260 ffilum,
385 1183 657 1246 flammas
680 1183 998 1245 libidinum
1029 1183 1479 1259 accendentem,
1498 1196 1561 1246 et
1588 1185 1881 1269 impediat

142 1289 220 1330 ne
245 1266 435 1349 impia
459 1267 737 1348 exempla
767 1267 884 1327 late
911 1278 1221 1348 vagentur.
1304 1266 1727 1351 Expavescant
1751 1291 1882 1330 om-

84 1358 101 1368 ·
142 1350 313 1412 nium
362 1349 600 1432 piorum
645 1349 830 1409 animi
874 1360 936 1409 et
977 1362 1236 1432 pectora,
1269 1371 1412 1411 cum
1453 1361 1606 1411 tetra
1638 1362 1702 1412 et
1743 1351 1881 1412 bor-

143 1431 327 1493 renda
380 1430 657 1513 exempla
713 1430 953 1492 ethnica
1003 1432 1231 1514 legunt,
1278 1433 1372 1493 vel
1428 1432 1697 1508 audiunt,
1738 1455 1880 1516 quae

145 1513 390 1595 quidem
432 1514 716 1596 deinceps
758 1527 819 1574 et
860 1513 1093 1574 coecitas
1132 1515 1192 1575 in
1223 1516 1544 1589 mentibus,
1571 1528 1634 1577 et
1661 1516 1759 1577 alii
1790 1516 1883 1578 fu-

146 1618 304 1657 rores
331 1595 567 1656 exitiosi
597 1596 739 1656 totis
767 1597 1045 1677 gentibus
1074 1596 1344 1658 comitati
1365 1609 1546 1658 sunt:
1589 1599 1739 1659 utin
1760 1598 1884 1659 his-

145 1678 311 1739 toriis
350 1677 626 1759 gentium
662 1677 943 1738 omnibus
981 1678 1158 1738 obvia
1186 1690 1327 1739 sunt
1353 1679 1650 1762 exempla.
1734 1679 1882 1741 Sce-

144 1759 271 1821 dasi
312 1757 460 1819 duas
502 1758 653 1818 filias
681 1758 960 1839 Spartani
996 1768 1293 1840 stupratas
1331 1760 1394 1820 in
1428 1772 1680 1842 puteum
1718 1761 1883 1841 abje-

143 1851 381 1903 cerantt
424 1851 632 1923 postea
669 1839 840 1920 quasi
879 1840 943 1900 in
976 1840 1082 1901 illo
1114 1840 1246 1924 ipso
1274 1842 1526 1924 vestigio
1552 1842 1883 1904 trucidatus

88 1934 90 1938 ’
144 1934 237 1985 est
261 1923 559 1984 exercitus
588 1922 943 1997 Laconicus,
963 1934 1024 1983 et
1051 1923 1287 2006 imperii
1316 1924 1571 1986 mutatio
1591 1924 1750 1987 facta
1769 1937 1881 1987 est.

146 2005 267 2067 sed
297 2005 488 2066 multa
514 2015 654 2066 sunt
681 2005 956 2065 omnium
996 2017 1242 2067 aetatum
1278 2008 1575 2090 exempla.
1659 2008 1885 2070 Memi-

147 2087 346 2150 nimus
376 2087 510 2170 ipsi,
529 2088 840 2169 episcopos
870 2086 1097 2168 aliquot
1126 2099 1471 2171 praestantes
1490 2090 1803 2152 nobilitate
1822 2102 1885 2152 et

147 2171 207 2231 in
287 2170 400 2231 niis
443 2170 506 2230 in
548 2169 849 2232 adulteriis
892 2171 1231 2232 interfectos
1268 2193 1415 2233 esse.
1499 2172 1619 2233 Sed
1645 2194 1883 2236 oramus

149 2253 201 2315 F
202 2192 375 2314 ffieum
401 2251 543 2327 Dei,
562 2263 632 2313 ut
661 2252 820 2313 hanc
849 2252 1039 2335 ipsam
1069 2254 1150 2314 ob
1177 2273 1424 2315 causam·
1438 2254 1730 2336 plurimos
1752 2278 1886 2318 cus-

148 2334 358 2411 todiat,
383 2346 447 2396 et
486 2334 562 2395 ad
604 2335 938 2396 castitatem
981 2338 1200 2411 flectat,
1229 2348 1298 2398 ut
1338 2359 1374 2398 a
1406 2336 1687 2430 pluribus
1724 2349 1885 2400 recte

149 2418 408 2480 invocari
429 2418 637 2500 possit.
722 2418 874 2486 Quae
893 2440 1033 2479 vero
1059 2440 1170 2501 pro
1197 2419 1540 2480 defensione
1566 2420 1885 2482 coelibatus

149 2502 226 2561 ab
268 2499 611 2561 adversariis
654 2500 930 2573 citantur,
966 2501 1212 2584 perinde
1256 2501 1331 2561 ad
1372 2524 1612 2563 causam
1652 2524 1887 2564 accom-

150 2582 392 2645 modata
432 2593 592 2657 sunt,
619 2594 687 2643 ut
725 2583 887 2663 quod
917 2583 1204 2645 Tatianus
1238 2583 1480 2658 citabat,
1507 2605 1583 2645 ex
1612 2583 1885 2667 Evange-

149 2666 232 2726 lio
281 2665 610 2727 secundum
653 2665 978 2748 AEgyptios
1026 2666 1255 2728 dictum
1314 2666 1539 2728 Christi
1589 2666 1665 2728 ad
1719 2667 1887 2728 Salo-

153 2769 430 2807 monem:
472 2755 510 2783 “
539 2748 694 2808 Veni
738 2749 961 2809 solvere
1003 2772 1184 2833 opera
1223 2750 1535 2811 mulieris.”
1604 2749 1677 2810 Id
1706 2749 1887 2810 inter-

152 2829 492 2911 pretabatur
532 2830 859 2891 Tatianus:
903 2831 1060 2892 Veni
1117 2833 1361 2907 solvere,
1395 2832 1456 2892 id
1504 2843 1613 2906 est,
1651 2833 1886 2893 abolere

153 2910 524 2993 conjugium,
545 2934 683 2972 cum
714 2913 938 2974 Christi
967 2916 1146 2975 verba
1175 2916 1557 2995 loquerentur
1584 2913 1659 2974 de
1690 2914 1885 2976 Hevae

155 2994 344 3075 lapsu,
372 3004 432 3054 et
462 2993 712 3054 miseriis
741 2997 956 3057 secutis
984 3019 1123 3058 eum
1155 2997 1211 3057 la
1258 3018 1411 3069 sum,
1441 2996 1595 3057 sicut
1621 3006 1683 3057 et
1707 2997 1887 3058 Joan.

153 3075 391 3218 Exibit:
440 3074 625 3138 Venit
662 3076 861 3138 Filium
900 3079 1047 3154 Dei,
1074 3088 1146 3140 ut
1259 3088 1465 3141 struat
1504 3101 1688 3161 opera
1724 3079 1887 3141 Dia-

250 3180 289 3219 ι.

719 3257 1327 3299 ..ψ-.-

387 3389 567 3452 ΧΙΧ.
601 3390 707 3451 De
739 3389 1224 3473 Confimnatione,
1255 3400 1314 3452 et
1352 3391 1660 3454 Unctione.

154 3470 506 3554 NOTUM
551 3503 659 3566 est,
686 3492 908 3553 formas
950 3491 1332 3554 consecrandi
1376 3493 1598 3569 oleum,
1626 3494 1886 3578 magicas

153 3587 217 3637 et
241 3575 598 3637 execrandas
627 3598 792 3636 esse:
838 3574 971 3635 ideo
1000 3597 1112 3635 nec
1142 3575 1450 3637 unctiones
1485 3576 1621 3652 illae,
1648 3577 1712 3638 in
1753 3578 1884 3659 qui·

155 3658 267 3720 bus
302 3681 445 3721 usus
482 3671 574 3720 est
610 3658 738 3737 ejus
765 3657 900 3731 olei,
927 3657 1246 3719 toleranda:
1273 3669 1433 3722 sunt.
1513 3658 1600 3720 Et
1624 3670 1884 3755 yetustas

1656 3770 1691 3785 l
