2418 4172
440 334 547 392 192
1076 334 1540 391 CONFESSIO

439 487 586 547 sunt
613 474 731 544 veri
767 475 965 537 cultus
993 475 1493 539 Christianorum.
1580 476 1717 539 Hos
1754 477 1973 553 cultus,
2001 478 2192 556 timos

440 581 591 634 rem,
619 558 822 631 fidem,
851 558 1311 634 invocationem,
1351 582 1543 642 spem,
1582 562 1691 622 &c-
1737 561 1951 643 probat
1991 560 2182 622 Deus.

439 641 657 724 Itaque
714 663 853 703 cum
908 641 970 702 hi
1021 643 1217 704 cultus
1263 653 1615 704 exercentur
1657 643 1718 703 in
1762 664 1875 703 usu
1919 664 2187 704 ceremo-

439 725 694 797 niarum,
737 725 934 806 placet
974 725 1111 786 Deo
1160 725 1514 786 sacramenti
1560 747 1718 786 usus.
1806 725 1963 785 Cum
2002 725 2188 807 igitur

440 818 503 869 et
544 805 618 868 ad
662 806 1065 868 ceremoniam
1111 810 1389 869 assuefiat
1431 809 1710 891 populus,
1738 820 1800 868 et
1833 807 1908 868 de
1939 828 2050 868 usu
2080 806 2187 868 ad·

441 900 774 964 moneatur,
803 891 957 950 fiunt
996 890 1192 950 missae
1231 890 1390 973 apud
1431 912 1538 951 nos
1582 891 1692 951 rite
1734 902 1796 950 et
1839 890 1956 972 pie,
1983 901 2044 950 et
2080 910 2183 976 ge·

439 982 653 1035 runtur
693 972 901 1033 omnia
943 971 1005 1032 in
1048 973 1299 1033 ecclesia
1342 972 1566 1052 majore
1609 994 1750 1034 cum
1795 972 2085 1055 gravitate
2126 982 2190 1032 et

441 1054 788 1125 reverentia,
819 1075 1001 1134 quam
1033 1053 1203 1115 olim.

457 1204 465 1210 ,
524 1136 778 1197 Constat
806 1146 1007 1195 autem
1040 1137 1248 1196 multis
1271 1137 1485 1196 seculis
1508 1136 1811 1218 publicam
1837 1137 2022 1198 fuisse
2042 1158 2189 1218 que-

441 1218 627 1282 telam
660 1218 954 1277 bonorum
986 1217 1270 1291 virorum,
1291 1217 1367 1277 de
1393 1218 1706 1279 missarum
1738 1220 1928 1279 abusu
1952 1240 2023 1280 ac
2051 1241 2189 1301 pro·

440 1299 828 1383 phanatione.
912 1298 1059 1359 Non
1109 1300 1273 1360 enim
1320 1300 1646 1359 obscurum
1693 1311 1802 1373 est,
1841 1322 2026 1381 quam
2070 1301 2189 1361 late

439 1393 643 1465 pateat
686 1381 787 1441 hic
831 1382 1072 1451 abusus,
1104 1382 1167 1442 in
1210 1382 1495 1442 omnibus
1538 1382 1803 1463 templis,
1833 1404 1867 1443 a
1909 1381 2201 1463 qualibus·

440 1465 816 1526 celebrentur
877 1464 1090 1534 missae,
1146 1476 1353 1525 contra
1411 1486 1716 1525 canonum
1782 1464 2190 1526 interdictum.

440 1546 682 1608 Deinde
717 1569 898 1627 quam
943 1547 1196 1640 turpiter
1224 1546 1296 1607 ad
1327 1548 1684 1628 sacrilegum
1721 1559 2001 1627 questum
2048 1569 2191 1608 con-

441 1629 727 1690 ferantur.
813 1629 1062 1689 Plurimi
1109 1629 1269 1690 enim
1323 1630 1627 1690 celebrant
1677 1630 1907 1704 missas,
1948 1642 2011 1691 et
2058 1630 2190 1690 sinc

442 1711 822 1796 poenitentia,
850 1723 911 1772 et
950 1723 1183 1772 tantum
1227 1713 1447 1772 ventris
1487 1734 1682 1773 causa.
1770 1712 1923 1774 Haec
1956 1712 2190 1773 notiora

444 1805 604 1867 sunt,
633 1816 816 1875 quam
849 1805 916 1854 ut
943 1794 1304 1856 dissimulari
1333 1795 1583 1888 possint.
1660 1794 1796 1855 Nec
1823 1794 2059 1855 videtur
2078 1816 2191 1855 un-

443 1899 626 1958 quam
659 1877 782 1937 ulla
809 1898 900 1936 res
929 1876 1131 1937 divina
1160 1878 1236 1937 ab
1266 1877 1439 1937 initio
1470 1876 1678 1937 mundi
1710 1876 1860 1937 adeo
1891 1877 2075 1959 vulgo
2114 1876 2188 1937 ad

444 1971 741 2040 quaestum
790 1959 1006 2020 collata
1049 1981 1198 2031 esse,
1241 1959 1396 2019 sicut
1440 1960 1638 2019 missa.
1725 1960 1944 2020 Paulus
1986 1971 2187 2020 autem

448 2042 807 2102 horribiliter
846 2042 1110 2102 minatur
1147 2041 1259 2114 his,
1287 2041 1392 2121 qui
1424 2040 1672 2122 indigne
1704 2052 1963 2102 tractant
2000 2063 2193 2102 sacra·

445 2136 907 2198 mentum,‘cum
953 2124 1055 2196 ait,
1090 2124 1220 2189 Qui
1255 2123 1508 2206 indigne
1545 2123 1742 2185 ederit
1761 2145 1986 2205 panem
2013 2123 2192 2198 hunc,

446 2217 556 2269 aut
584 2207 803 2269 biberit
831 2206 1078 2267 calicem
1104 2207 1378 2279 Domini,
1405 2228 1549 2268 reus
1578 2208 1695 2268 erit
1716 2207 2040 2289 sanguinis
2058 2206 2209 2268 Do·-

445 2290 615 2352 mini.
701 2290 786 2350 Et
829 2288 890 2350 in
920 2290 1232 2371 Decalogo
1267 2289 1556 2372 scriptum
1597 2301 1706 2362 est,
1743 2290 1873 2355 Qui
1915 2290 2048 2351 Dei
2086 2311 2192 2350 no-

432 2373 610 2435 ·mine
636 2372 932 2446 abutitur,
960 2394 1077 2433 non
1106 2374 1224 2433 erit
1253 2372 1603 2452 impunitus·
1692 2372 1782 2433 Ut
1818 2372 2001 2453 igitur
2033 2393 2193 2455 saepe

448 2455 591 2516 alias
636 2453 898 2515 mundus
938 2453 1103 2515 dedit
1143 2476 1354 2536 poenas
1394 2476 1503 2535 pro
1537 2454 1889 2527 idololatria,
1917 2454 2000 2515 ita
2029 2454 2190 2515 baud

447 2536 631 2599 dubie
678 2536 807 2597 hoec
850 2537 1059 2618 ingens
1103 2558 1209 2619 pro
1258 2536 1501 2597 banatio
1538 2537 1855 2597 missarum
1892 2536 2191 2598 atrocissi-

450 2619 565 2692 mis
603 2619 802 2702 poenis
830 2618 1129 2701 punietur.
1274 2631 1297 2679 t
1328 2618 1587 2680 fortassis
1617 2630 1863 2713 propter
1888 2641 2022 2680 eam
2053 2641 2195 2681 cau-

450 2724 578 2764 sam
623 2700 923 2784 praecipue
966 2701 1247 2784 plectitur
1282 2702 1532 2763 ecclesia
1573 2702 1666 2762 hus
1698 2701 2014 2784 postremis
2040 2712 2197 2764 tem·

449 2784 715 2868 poribus,
755 2785 1038 2857 caecitate,
1079 2783 1408 2856 discordiis,
1451 2784 1642 2859 bellis,
1683 2795 1742 2845 et
1800 2785 1931 2846 aliis
1986 2784 2195 2846 multis

529 2866 738 2928 stibus.
821 2867 1023 2948 Atque
1080 2866 1189 2927 hos
1250 2867 1595 2928 manifestos
1652 2868 1874 2928 abusus
1927 2866 2195 2951 episcopi

450 2890 762 3020 ffictenus,
791 2970 932 3010 cum
970 2948 1215 3030 quidem
1261 2972 1379 3010 non
1421 2950 1762 3030 ignorarent
1794 2972 1916 3023 eos,
1946 2971 2068 3011 non
2098 2970 2197 3010 so-

451 3034 579 3094 lum
609 3031 1026 3105 toleraverunt,
1050 3031 1151 3092 sed
1175 3032 1432 3093 suaviter
1452 3034 1632 3094 etiam
1666 3032 1941 3095 riserunt.
2008 3031 2203 3095 Nune

453 3137 584 3177 sero
620 3113 919 3197 incipiunt
955 3114 1122 3196 queri
1153 3114 1228 3175 de
1258 3116 1701 3177 calamitatibus
1737 3114 2025 3189 ecclesie,
2052 3133 2194 3179 cun

454 3198 571 3260 alia
612 3196 781 3259 nulla
820 3218 910 3258 res
950 3197 1268 3280 praebuerit
1294 3199 1667 3260 occasionem
1699 3197 2061 3260 tumultibus
2087 3196 2199 3259 bo-

454 3302 585 3342 rum
631 3291 994 3362 temporum,
1021 3280 1133 3341 nisi
1179 3281 1399 3342 abusus
1444 3281 1578 3365 ipsi,
1606 3283 1708 3363 qui
1752 3281 1836 3343 ita
1872 3290 2040 3342 erant
2060 3276 2211 3358 jn

456 3362 777 3437 manifesti,
803 3373 870 3424 ut
897 3362 1132 3424 tolerari
1164 3386 1199 3424 a
1227 3363 1548 3426 moderatis
1585 3364 1933 3426 hominibus
1966 3356 2195 3422 diutius

459 3467 580 3505 non
620 3456 881 3526 possent.
971 3444 1223 3508 Utinam
1261 3447 1527 3542 episcopi
1559 3468 1668 3530 pro
1695 3466 1805 3507 suo
1830 3441 2029 3504 officio
2054 3453 2195 3503 ante

459 3526 586 3596 haze
614 3537 888 3609 tempora
914 3529 1314 3591 coercuissent
1342 3530 1648 3593 avaritiam
1678 3538 1860 3620 atque
1877 3523 2197 3608 impuden-

458 3606 605 3668 tiam
636 3629 741 3686 seu
772 3609 1227 3685 monachorum,
1253 3632 1357 3675 seu
1385 3610 1660 3683 aliorum,
1686 3627 1813 3689 qut,
1831 3617 2069 3669 mutato
2095 3628 2202 3671 ve—
