2418 4172
516 375 584 428 18
1141 376 1631 432 CONFESSIO

514 517 620 579 sed
669 516 853 592 addit,
883 516 992 579 hos
1030 539 1152 580 non
1186 541 1318 581 esse
1366 520 1427 581 in
1458 519 1726 592 canone,
1765 539 1836 580 ac
1876 515 2146 579 sufficere
2184 514 2260 576 ad

513 601 802 684 pietatem
831 622 932 662 eos
961 600 1143 663 libros
1172 623 1324 684 quos
1354 602 1666 664 habemus.

1070 784 1714 828 -—-...‘--—-

520 953 628 1015 De
646 952 1121 1037 interpretandis
1136 950 1483 1032 Scripturis
1509 951 1758 1024 sanctis,
1777 962 1834 1011 et
1857 950 1930 1011 de
1947 948 2265 1022 Patribus,

942 1034 1251 1110 Conciliis,
1281 1043 1340 1095 et
1375 1033 1851 1095 Traditionibus.

1397 1201 1484 1262 11.

524 1325 1064 1405 SCRIPTURAS
1103 1351 1336 1402 sanctas
1365 1338 1520 1399 dixit
1548 1338 1604 1400 A
1689 1338 1875 1399 stolus
1906 1338 2118 1401 Petrus
2147 1360 2271 1400 non

521 1445 651 1483 csse
700 1423 1204 1506 interpretationis
1250 1422 1513 1506 privatin.
1650 1420 1855 1482 roinde
1892 1442 2015 1482 non
2056 1421 2275 1505 moba-

523 1526 659 1567 mus
707 1505 1223 1589 interpretationes
1266 1505 1599 1587 quaslibet:
1642 1504 1803 1565 unde
1840 1526 1952 1566 nec
1987 1526 2099 1588 pro
2135 1525 2277 1566 vera

523 1599 628 1650 aut
649 1589 910 1671 genuina
926 1590 1367 1672 Scripturarum
1387 1587 1874 1670 interpretatione
1892 1587 2276 1670 agnoscimus

522 1693 685 1745 eum,
707 1694 888 1752 quem
918 1684 1138 1733 vocant
1160 1692 1402 1732 sensum
1428 1671 1721 1731 Romanae
1740 1669 2048 1744 Ecclesioe,
2068 1690 2276 1752 quem,

523 1754 772 1826 scilicet,
790 1754 1159 1837 simpliciter,
1185 1754 1365 1814 Rom.
1383 1752 1672 1814 Ecclesiae
1700 1751 2060 1828 defensores,
2076 1752 2280 1814 omni-

524 1837 639 1897 bus
677 1836 995 1898 obtrudere
1038 1836 1415 1919 contendunt
1463 1835 1914 1918 recipiendum:
1959 1834 2063 1897 sed
2107 1834 2277 1896 illam

524 1918 818 1981 duntaxat
846 1920 1288 1999 Scripturarum
1334 1917 1886 2002 interpretationem
1926 1940 2038 2002 pro
2073 1917 2280 1979 ortho-

524 2001 685 2063 doxa
712 2014 773 2063 et
802 2003 1064 2083 genuina
1094 2003 1496 2085 agnoscimus,
1526 2023 1661 2083 quae
1690 2022 1767 2064 ex
1797 2001 1939 2084 ipsis
1969 2009 2063 2063 est
2088 2000 2282 2083 petita'

527 2084 850 2167 Scripturis
903 2090 1006 2164 (ex
1052 2085 1296 2166 ingenio
1316 2111 1319 2114 ·
1341 2084 1549 2164 utique
1590 2083 1720 2162 ejus
1762 2084 1985 2165 linguae
2038 2083 2103 2144 in
2158 2103 2281 2164 qua
2344 2146 2356 2154 ,

529 2179 671 2228 sunt
686 2168 944 2251 scriptae,
964 2167 1294 2229 secundum
1317 2166 1797 2227 circumstantias
1815 2166 1962 2227 item
1979 2186 2281 2249 expensa,

529 2260 591 2310 et
619 2272 730 2332 pro
758 2251 986 2312 ratione
1015 2251 1284 2312 locorum
1308 2250 1401 2310 vel
1432 2249 1720 2310 similium
1751 2249 1847 2309 vel
1876 2247 2283 2323 dissimilium,

529 2333 792 2415 plurium
824 2355 1066 2415 quoque
1096 2345 1157 2394 et
1193 2333 1511 2393 clariorum
1542 2332 1860 2414 expositae)
1894 2353 2035 2393 cum
2074 2330 2282 2413 regula

530 2415 670 2476 fidei
699 2427 762 2477 et
790 2416 1097 2477 charitatis
1128 2414 1424 2496 congruit,
1453 2425 1512 2474 ct
1542 2414 1614 2474 ad
1646 2414 1900 2496 gloriam
1928 2412 2052 2475 Dei
2082 2413 2283 2476 bomi-

533 2519 803 2578 numque
833 2499 1087 2559 salutem
1120 2497 1340 2558 eximie
1370 2497 1528 2557 facit.

615 2579 871 2640 Proinde
900 2602 1020 2641 non
1051 2601 1439 2663 aspernamur
1466 2590 1807 2640 sanctorum
1840 2578 2084 2640 Patrum
2111 2578 2286 2640 Οτι-ω-

532 2682 741 2724 corum
765 2662 1117 2723 Latinorum
1169 2684 1242 2723 ue
1271 2661 1810 2744 interpretationes,
1847 2683 2047 2743 neque
2081 2682 2285 2745 repro-

533 2745 748 2806 bamus
770 2745 1097 2807 eorundem
1163 2745 1554 2839 isputationes
1577 2766 1645 2805 ac
1671 2744 2054 2806 tractationes
2081 2765 2282 2808 rerum

535 2849 855 2901 sacrarum,
907 2849 1047 2890 cum
1097 2828 1420 2911 Scripturis
1465 2828 1940 2888 consentientes:
1986 2849 2022 2890 a
2062 2826 2286 2909 quibus

535 2920 738 2971 tamen
765 2909 1098 2971 recedimus
1124 2910 1411 2983 modeste,
1429 2909 1673 2990 quando
1694 2911 1885 2971 aliena
1908 2933 1943 2971 a
1960 2909 2286 2992 Scripturis

536 3005 637 3053 aut
677 2993 770 3054 his
798 2994 1092 3054 contraria
1122 2992 1349 3055 adferre
1378 2993 1454 3054 de
1499 2992 1927 3054 rehenduntur.
2009 2991 2147 3053 Nec
2174 3012 2289 3076 pu-

537 3086 735 3136 tamus
779 3075 893 3137 illis
941 3076 1127 3138 ullam
1174 3098 1210 3137 a
1243 3077 1418 3137 nobis
1457 3016 1577 3137 liae
1619 3098 1682 3136 re
1712 3075 1989 3155 injuriam
2022 3074 2289 3158 irrogari,

536 3180 675 3220 cum
706 3180 918 3220 omnes
946 3180 1071 3220 uno
1100 3181 1203 3221 ore
1230 3159 1426 3220 nolint
1458 3181 1565 3220 sua
1593 3159 1814 3242 scripta
1845 3158 2066 3239 aequari
2090 3157 2293 3219 Cauo-

540 3242 706 3316 nicis,
735 3241 836 3303 sed
877 3243 1130 3325 probare
1154 3242 1429 3323 jubeant,
1458 3252 1757 3323 quatenus
1785 3241 1878 3302 vel
1910 3239 2290 3303 consentiant

540 3345 677 3384 cum
721 3324 854 3400 illis,
889 3324 981 3385 vel
1021 3323 1398 3399 dissentiant,
1433 3324 1814 3419 jubeantque
1853 3321 2287 3386 consentientia

541 3405 820 3489 recipere,
851 3406 1124 3469 recedere
1147 3430 1288 3470 vero
1309 3430 1343 3469 a
1365 3407 1877 3469 dissentientibus.
1956 3402 2194 3467 Eodem
2225 3403 2286 3465 in

539 3487 745 3547 ordine
805 3491 1171 3552 collocantur
1219 3491 1401 3552 etiam
1447 3490 1855 3551 conciliorum
1905 3485 2288 3549 definitiones
2366 3485 2371 3490 ’

544 3571 632 3629 vel
667 3592 941 3633 canones.
