2418 4172
530 391 635 442 450
1003 385 1465 440 SENTENTIA
1504 385 1794 440 SYNODI

579 529 693 590 uod
724 551 832 590 nos
863 529 922 589 in
952 529 1217 621 ipsorum
1253 529 1499 602 bonum,
1520 542 1582 589 et
1610 530 1792 590 totius
1818 530 2103 596 Ecclesiae
2129 555 2275 618 gau-

533 552 707 672 dium
754 611 927 673 unice
974 634 1037 672 in
1067 611 1313 671 Christo
1343 610 1616 671 Domino
1655 625 1856 673 nostro
1897 627 2272 699 exoptamus.

540 694 830 774 Reliquos
853 707 1072 764 autem,
1099 715 1356 774 quorum
1387 693 1655 773 cognitio
1684 694 1755 754 ad
1780 696 2092 777 Synodum
2119 698 2276 759 banc

539 776 926 837 Nationalem
988 799 1104 836 non
1165 775 1422 846 devenit,
1466 774 1745 857 Synodus
1789 777 2278 851 provincialibus,

545 858 871 931 Classibus,
899 871 960 919 ct
1008 858 1414 939 presbyteriis,
1448 879 1524 917 ex
1570 857 1775 919 ordine
1824 882 1955 921 rece
2002 874 2084 932 to,
2112 882 2280 922 com-

542 941 758 1001 mittit:
799 963 932 1022 quae
962 941 1126 1000 omni
1158 940 1355 1000 studio
1384 952 1703 1021 procurent
1731 963 1806 1001 nc
1834 944 1936 1022 qui
2008 942 2281 1006 Ecclesia

542 1023 883 1084 detrimenti
922 1024 1015 1082 vel
1058 1023 1117 1082 in
1163 1044 1424 1103 praesens
1467 1044 1695 1103 capere,
1730 1024 1821 1083 vel
1866 1025 1926 1084 in
1972 1038 2278 1110 posterum

544 1117 810 1166 metuere
838 1105 1046 1185 possit.
1117 1102 1402 1164 Errorum
1444 1103 1691 1164 istorum
1722 1118 2040 1169 sectatores
2068 1107 2281 1191 spiritu

544 1186 872 1270 prudentiae
918 1184 1364 1245 discriminent:
1407 1185 1792 1257 refractarios,
1821 1189 2134 1263 clamosos,
2161 1189 2287 1250 fac·

542 1269 743 1339 tiosos,
772 1268 1124 1340 turbatores,
1151 1288 1334 1347 quarn
1374 1266 1635 1348 primum
1676 1268 1887 1329 officiis
1924 1269 2286 1333 ecclesiasti-

543 1352 647 1420 cis,
669 1362 731 1410 et
759 1349 1146 1419 scholasticis,
1162 1370 1298 1429 quoe
1318 1360 1459 1410 sunt
1486 1370 1608 1409 suae
1636 1351 1995 1432 cognitionis
2021 1364 2083 1415 et
2110 1373 2285 1425 cure,

545 1432 857 1494 abdicent:
900 1452 1092 1512 eoque
1134 1431 1379 1492 nomine
1423 1443 1761 1503 monentur,
1795 1445 1863 1494 ut
1903 1435 2069 1497 nulla
2103 1435 2289 1496 inter-

535 1516 700 1595 jecta
740 1536 925 1585 mora,
955 1524 1094 1597 post
1123 1522 1438 1596 acceptum
1469 1513 1650 1595 hujus
1688 1515 1918 1598 Synodi
1945 1517 2288 1579 Natioualis

537 1597 858 1679 judicium,
887 1596 1207 1680 impetrata
1245 1595 1319 1656 ad
1361 1596 1477 1657 hoc
1507 1598 1889 1679 magistratus
1919 1602 2288 1675 auctoritate,

547 1679 927 1750 conveniant,
954 1701 1032 1740 ne
1059 1678 1421 1739 lentitudine
1457 1678 1686 1740 malum
1731 1680 2054 1744 invalescat
2091 1694 2155 1744 et
2192 1703 2289 1744 ro·

549 1764 806 1822 boretur.
892 1760 988 1821 Ex
1032 1760 1401 1831 infirmitate,
1429 1772 1491 1821 et
1515 1761 1664 1823 vitio
1691 1774 2032 1844 temporum
2071 1765 2289 1848 lapsos,

549 1845 642 1904 vel
689 1846 984 1927 abreptos,
1016 1854 1081 1905 et
1125 1842 1548 1904 in-levioribus
1589 1843 1741 1904 forte
1785 1846 2145 1919 haesitantes,
2185 1858 2292 1908 aut

550 1927 734 1987 etiam
778 1924 1216 1996 dissentientes,
1258 1923 1560 1985 modestos
1604 1937 1827 1998 tamen,
1869 1927 2123 2000 sedatos,
2152 1929 2291 1991 vitae

551 2004 891 2090 inculpate,
929 2006 1172 2078 dociles,
1205 2006 1372 2067 omni
1418 2006 1678 2078 lenitate,
1715 2009 2022 2071 charitatis
2060 2009 2294 2088 officiis,

552 2089 859 2172 patientia,
910 2089 982 2150 ad
1034 2110 1234 2149 veram
1292 2099 1475 2170 atque
1530 2089 1854 2172 perfectam
1912 2091 2291 2155 concordiam

554 2195 697 2233 cum
743 2171 1016 2232 Ecclesia
1059 2182 1414 2253 provocent:
1474 2170 1557 2232 ita
1605 2183 1827 2245 tamen,
1872 2186 1941 2235 ut
1980 2173 2297 2257 diligenter

554 2256 666 2315 sibi
698 2266 965 2327 caveant,
996 2277 1073 2314 ne
1101 2275 1468 2335 quemquam
1510 2254 1583 2315 ad
1622 2277 1856 2317 sacrum
1897 2256 2293 2319 ministerium

554 2337 895 2407 admittant,
925 2337 1029 2416 qui
1059 2336 1344 2397 doctrinae
1383 2336 1548 2396 hisce
1587 2339 1885 2419 synodicis
1916 2340 2298 2402 constitutio·

555 2420 732 2480 nibus
760 2418 1071 2479 declaratae
1100 2420 1487 2490 subscribere,
1509 2442 1764 2503 eamque
1791 2421 2004 2483 docere
2030 2433 2296 2484 recuset:

557 2502 862 2562 neminem
915 2501 1099 2561 etiam
1146 2501 1456 2572 retineant,
1500 2502 1670 2582 cujus
1714 2504 2028 2566 manifesta
2066 2505 2299 2566 dissen-

561 2585 744 2654 sione,
772 2582 1041 2643 doctrina
1085 2583 1146 2643 in
1178 2583 1291 2643 hac
1330 2583 1575 2664 Synodo
1611 2596 1782 2647 tanto
1808 2607 2101 2648 consensu
2129 2609 2299 2648 com·

561 2668 811 2750 probata
838 2665 1062 2740 violari,
1080 2676 1142 2726 et
1164 2666 1474 2726 Pastorum
1506 2667 1842 2744 concordia,
1859 2668 2298 2731 Ecclesiarum-

562 2771 680 2830 que
709 2748 1107 2829 tranquillitas
1135 2747 1334 2809 denuo
1363 2749 1585 2810 turbari
1615 2760 1813 2838 queat:
1883 2751 2171 2813 Praeterea
2197 2773 2301 2813 ve-

562 2831 822 2892 neranda
853 2831 982 2892 liaec
1005 2830 1283 2912 Synodus
1313 2832 1464 2890 serio
1493 2843 1703 2892 monet
1721 2833 2150 2895 ecclesiasticos
2170 2855 2302 2895 om·

565 2937 670 2974 nes
695 2925 907 2984 coetus,
938 2924 1006 2973 ut
1034 2912 1349 2994 invigilent
1375 2911 1831 2993 diligentissime
1858 2913 1921 2974 in
1950 2936 2158 2998 goeges
2185 2915 2299 2977 sibi

564 2997 935 3067 commissos,
965 2994 1245 3055 omnibus
1274 2995 1770 3055 subnascentibus
1799 2996 1858 3057 in
1894 2995 2168 3059 Ecclesia
2194 3019 2303 3060 no-

564 3079 847 3140 vitatibus
895 3090 1125 3139 mature
1166 3076 1403 3137 obviam
1449 3089 1606 3148 eant,
1634 3099 1853 3160 easque
1892 3091 2176 3161 tanquam
2218 3081 2304 3142 zi-

566 3161 738 3222 zania
765 3183 839 3221 ex
871 3183 1013 3243 agro
1042 3159 1294 3232 Domini
1326 3160 1614 3222 evellant:
1657 3160 1969 3223 attendant
1995 3163 2215 3224 scholis
2240 3173 2304 3224 et

569 3244 907 3304 scholarum
942 3242 1411 3303 moderatoribus
1442 3264 1518 3302 ne
1546 3263 1665 3323 qua
1694 3264 1766 3302 ex
1797 3243 2041 3337 privatis
2070 3255 2305 3306 senten-

570 3327 668 3387 tiis
711 3339 771 3387 et
814 3325 1007 3408 pravis
1046 3324 1429 3407 opinionibus
1449 3324 1755 3405 juventuti
1796 3327 2116 3399 instillatis,
2143 3337 2307 3410 post·

570 3407 817 3469 modum
852 3408 1137 3469 Ecclesioe
1166 3419 1227 3468 et
1255 3407 1485 3490 reipub.
1516 3407 1804 3489 pernicies
1833 3408 2031 3470 denuo
2059 3419 2304 3471 creetur.
2375 3443 2379 3448 ·

572 3491 855 3572 Denique
887 3489 1297 3551 illustrissimis
1327 3503 1387 3549 et
1416 3511 1535 3572 prae
1619 3492 1883 3552 tentibus
1913 3491 2060 3554 DD.
2092 3488 2307 3551 Foede-

574 3574 682 3632 rati
714 3572 912 3653 Belgii
944 3572 1272 3633 Ordinibus
1304 3573 1540 3632 Genera
1565 3574 1717 3643 ibus,
1745 3574 1948 3656 gratiis
1976 3584 2307 3634 reverenter

576 3655 740 3724 actis,
786 3655 946 3734 quod
993 3668 1114 3716 tam
1162 3654 1493 3716 necessario
1535 3666 1599 3715 et
1637 3667 1977 3738 opportuno
2016 3666 2305 3737 tempore,
