2418 4172
782 402 1333 460 HELVETICA.
1856 412 1929 468 29

182 572 303 632 qus
330 548 831 633 concupiscentiis
861 549 1056 633 pravis
1086 546 1375 619 immersi,
1396 556 1459 607 et
1481 568 1514 606 a
1539 548 1698 608 bono
1721 553 1928 624 aversi,

182 633 256 695 ad
285 653 470 694 omne
498 653 638 692 vero
668 633 901 693 malum
932 632 1234 716 propensi,
1255 628 1416 709 pleni
1448 629 1613 689 omni
1647 634 1931 711 nequitia,

180 714 532 788 diffidentia,
558 727 911 797 contemptu
943 728 1004 776 et
1032 713 1172 773 odio
1200 711 1341 785 Dei,
1364 710 1514 771 nihil
1548 712 1688 772 boni
1720 734 1793 772 ex
1826 735 1932 773 no-

180 797 275 859 bis
311 797 457 880 ipsis
492 797 703 870 facere,
733 795 857 858 imo
895 820 971 858 ne
1007 795 1270 878 cogitare
1303 793 1549 875 quidem
1591 816 1931 877 possumus.

182 879 478 949 Quinimo
506 880 930 940 accedentibus
949 879 1078 959 jam
1112 878 1295 938 etiam
1335 877 1525 949 annis,
1556 878 1933 958 cogitationi-

183 963 318 1037 bus,
344 961 521 1023 dictis
549 973 611 1022 et
640 962 813 1023 factis
843 962 1059 1045 pravis,
1091 972 1295 1021 contra
1334 959 1528 1041 legem
1559 959 1679 1019 Dei
1712 959 1934 1020 admis-

183 1043 283 1119 sis,
317 1057 629 1127 corruptos
669 1044 918 1120 fructus,
959 1044 1116 1105 mala
1159 1044 1367 1103 arbore
1408 1041 1643 1122 dignos,
1688 1042 1934 1123 proferi-

127 1144 129 1146 ’
183 1131 356 1198 mu‘s3
399 1149 522 1209 quo
565 1127 831 1202 nomine,
863 1128 1079 1188 merito
1122 1137 1345 1199 nostr0,
1374 1124 1620 1185 iroe>Dei
1666 1126 1931 1195 obnoxii,

102 1278 107 1283 ,
182 1209 384 1294 poenis
413 1209 769 1290 subjicimur
786 1210 1001 1291 justis:
1046 1208 1319 1289 adeoque
1348 1229 1381 1267 a
1417 1208 1557 1268 Deo
1594 1206 1808 1286 abjecti
1843 1229 1934 1268 es-

183 1314 385 1355 semus
412 1314 644 1368 omnes,
673 1294 786 1353 nisi
820 1293 1159 1353 reduxisset
1188 1313 1296 1351 nos
1327 1290 1604 1350 Christus
1635 1291 1932 1351 liberator.

267 1374 380 1437 Per
402 1387 658 1436 mortem
683 1376 886 1456 itaque
910 1374 1302 1456 intelligimus
1321 1395 1442 1434 non
1462 1384 1697 1433 tantum
1722 1395 1934 1456 corpo-

185 1478 347 1519 ream
392 1470 668 1532 mortem,
710 1480 844 1539 quae
887 1458 1169 1518 omnibus
1214 1457 1387 1516 nobis
1440 1456 1646 1526 semel,
1689 1467 1934 1538 propter

185 1551 450 1622 peccata,
471 1553 562 1602 est
583 1540 880 1613 obeunda,
902 1539 1005 1600 sed
1029 1539 1209 1599 etiam
1244 1538 1540 1621 supplicia
1568 1538 1933 1619 sempiterna

184 1622 445 1764 peccatis
482 1635 544 1683 et
577 1644 746 1683 corru
797 1621 944 1682 tioni
977 1612 1194 1697 nostrae
1221 1620 1442 1681 debita.
1500 1620 1664 1680 Nam
1692 1632 1933 1701 aposto-

209 1725 298 1777 us,
342 1702 571 1802 Ephes.
610 1704 670 1764 ii.
713 1645 987 1764 Epo-amm
1035 1703 1278 1775 mortui,
1328 1702 1544 1782 inquit,
1583 1701 1820 1761 delictis
1861 1723 1936 1762 ac

173 1794 463 1868 peccata,
493 1795 552 1847 et
580 1807 822 1847 eramus
848 1794 1076 1848 natura
1090 1782 1234 1866 filii
1276 1785 1399 1858 irae,
1427 1785 1588 1843 sicut
1621 1793 1680 1844 et
1718 1785 1934 1844 caeteri.

185 1868 314 1931 Sed
336 1868 532 1944 DeuS,
562 1870 671 1952 qui
706 1869 872 1931 dives
913 1877 1003 1930 est
1039 1867 1472 1944 misericordia,
1502 1887 1636 1927 cum
1675 1887 1934 1927 essemus

183 1953 411 2014 mortui
463 1974 581 2033 per
643 1951 887 2027 delicta,
946 1948 1394 2032 convivificavit
1447 1971 1555 2010 nos
1616 1972 1741 2010 una
1800 1972 1934 2010 cum

190 2033 455 2096 Christo.
526 2036 708 2109 Item,
738 2034 920 2096 Rom.
951 2057 1006 2094 v.
1037 2033 1215 2095 Sicut
1247 2054 1365 2115 per
1410 2054 1596 2093 unum
1640 2033 1936 2093 hominem

178 2126 495 2199 peccatum
513 2119 578 2179 in
598 2118 888 2179 mundum
911 2118 1164 2191 introiit,
1182 2138 1255 2177 ac
1273 2137 1391 2196 per
1411 2123 1729 2196 peccatum
1755 2137 1934 2188 mors,

188 2208 249 2262 et
277 2201 368 2261 ita
394 2201 461 2261 in
488 2222 693 2262 omnes
722 2200 990 2263 homines
1017 2221 1177 2261 mors
1206 2200 1475 2272 transiit,
1495 2199 1561 2258 in
1590 2221 1707 2281 quo
1734 2220 1937 2260 omnes

181 2293 534 2365 peccarunt.

270 2366 673 2447 Agnoscimus
702 2389 845 2450 ergo
874 2368 933 2427 in
964 2367 1247 2427 omnibus
1277 2365 1628 2439 hominibus
1664 2386 1792 2424 esse
1820 2363 1936 2424 ori-

187 2447 386 2531 ginale
434 2461 787 2532 peccatum;
833 2450 1212 2531 agnoscimus
1264 2448 1469 2508 omnia
1513 2447 1628 2507 alia
1670 2458 1935 2530 peccata,

187 2552 323 2612 quoe
364 2553 439 2592 ex
486 2533 601 2593 hoc
637 2533 926 2606 oriuntur,
955 2544 1017 2592 et
1058 2531 1199 2604 dici,
1228 2542 1289 2591 et
1317 2553 1455 2591 vere
1498 2552 1627 2590 esse
1668 2539 1937 2611 peccata,

187 2613 594 2696 qualicunque
616 2616 862 2676 nomine
885 2626 1328 2698 nuncupentur,
1350 2614 1475 2674 sive
1499 2612 1791 2686 mortalia,
1813 2612 1936 2671 sive

186 2697 460 2770 venialia,
489 2699 612 2758 sive
654 2698 802 2758 illud
843 2720 1105 2779 quoque,
1180 2696 1297 2758 uod
1329 2706 1576 2758 vocatur
1616 2706 1934 2778 peccatum

188 2778 249 2839 in
302 2780 592 2862 Spiritum
656 2781 968 2855 Sanctum',
1012 2803 1094 2861 qu
1226 2800 1538 2860 nunquam
1589 2777 1936 2851 remittitur,

189 2861 383 2924 Marc.
421 2863 502 2924 iii.
539 2876 560 2923 1
599 2865 779 2925 Joan.
824 2886 879 2924 v.
966 2864 1255 2924 Fatemur
1296 2862 1477 2923 etiam
1523 2872 1770 2944 peccata
1813 2882 1935 2919 non

187 2966 317 3007 esse
342 2946 616 3027 aequalia,
638 2946 779 3007 licet
808 2969 882 3007 ex
906 2946 1116 3007 eodem
1149 2944 1547 3028 corruptionis
1576 2955 1637 3003 et
1666 2941 1939 3003 incredu-

188 3026 374 3089 litatis
415 3028 582 3090 fonte
625 3030 987 3104 exoriantur,
1016 3029 1119 3090 sed
1156 3029 1271 3089 alia
1315 3028 1443 3088 aliis
1478 3048 1607 3087 esse
1649 3026 1936 3108 graviora.

191 3108 364 3171 Sicut
388 3111 694 3173 Dominus
722 3112 895 3192 dixit,
927 3113 1156 3173 Matth.
1197 3134 1259 3172 x.
1289 3111 1372 3171 xi.
1416 3109 1694 3171 Sodomae
1723 3109 1937 3168 tolera-

192 3190 372 3253 bilius
408 3194 703 3269 futurum,
730 3217 912 3276 quam
951 3195 1083 3257 urbi
1124 3193 1414 3275 rejicienti
1444 3193 1693 3252 verbum
1736 3190 1938 3251 Evan-

191 3274 353 3355 gelii.
396 3274 780 3338 Damnsmus
809 3301 952 3360 ergo
986 3300 1198 3338 omnes
1234 3276 1338 3357 qui
1377 3275 1470 3335 bis
1505 3273 1798 3334 contraria
1831 3272 1938 3333 do-

151 3386 153 3390 s
191 3370 462 3431 cuerunt,
491 3358 788 3440 imprimis
816 3382 956 3421 vero
988 3360 1296 3441 Pelagium
1333 3369 1395 3417 et
1431 3378 1642 3416 omnes
1672 3354 1939 3438 Pelagia-

68 3488 84 3499 ,
191 3461 322 3513 nos,
352 3462 470 3500 una
500 3462 639 3501 cum
667 3441 1103 3515 Jovinianistis,
1133 3451 1379 3523 peccata
1408 3460 1546 3499 cum
1589 3437 1806 3505 Stoicis
1833 3460 1939 3520 pa-

193 3523 279 3582 ria
307 3522 682 3584 facientibus,
767 3524 1075 3584 Scntimus
1112 3545 1220 3605 per
1262 3521 1468 3582 omnia
1505 3520 1567 3581 in
1608 3521 1723 3581 hac
1761 3542 1939 3581 causa

191 3627 333 3666 cum
363 3606 424 3666 S.
436 3607 799 3688 Augustino,
823 3607 928 3687 qui
960 3629 1066 3666 sua
1094 3627 1169 3666 ex
1200 3604 1523 3687 Scripturis
1552 3603 1939 3697 sanctis-pro-

193 3688 332 3748 tulit
361 3700 541 3771 atque
568 3689 853 3751 defendit.
914 3688 1298 3750 Damnamus
1320 3697 1604 3771 proeterea
1626 3686 1935 3748 Flormum
2022 3764 2029 3768 Α

1692 3852 1725 3864 ,ν
