2418 4172
775 351 1328 405 HELVETICA.
1891 356 1964 412 89

216 527 348 629 ῗι),
371 549 674 616 Precibus
702 549 1011 624 Εεειεεῐω,
1047 549 1268 625 Contu,
1297 557 1356 611 ee
1387 547 1588 610 Horis
1617 549 1933 613 canonicae.

844 693 848 695 ‘
964 693 1217 756 xxm.

212 814 503 896 LICET
528 851 671 891 sane
698 828 979 913 privatim
1008 828 1237 924 precari
1278 828 1487 909 quavis
1524 827 1748 910 lingua,
1778 851 1959 912 quam

213 913 352 996 quis
381 912 692 994 intelligat,
722 912 824 973 sed
856 914 1111 995 publicae
1141 934 1347 995 preces
1378 912 1436 972 in
1483 912 1661 972 sacris
1701 914 1961 974 coetibus

211 996 442 1078 vulgari
492 995 572 1055 lin
621 1017 715 1070 ua,
765 997 858 1056 vel
910 997 1193 1056 omnibus
1244 995 1486 1077 cognita
1536 995 1660 1055 ficri
1719 996 1961 1057 debent.

210 1078 425 1142 Oratio
458 1017 728 1139 fidelium
769 1078 987 1149 omnis,
1016 1100 1125 1163 per
1165 1079 1361 1139 solum
1393 1078 1621 1138 Christi
1667 1078 1963 1140 interven·-

210 1171 367 1232 κω,
394 1161 503 1222 soli
534 1160 671 1222 Deo
698 1161 1003 1233 fundatur,
1031 1183 1106 1222 ex
1138 1160 1257 1221 fide
1285 1173 1347 1221 et
1374 1161 1684 1223 charitate.
1770 1161 1960 1222 Divos

212 1244 447 1307 eoelites
476 1244 769 1316 invocare,
799 1257 903 1306 aut
933 1245 1027 1305 his
1058 1245 1143 1305 uti
1218 1266 1284 1304 ro
1305 1244 1810 1319 intercessoribus,
1823 1267 1964 1339 pro-

212 1325 385 1389 hibet
426 1326 823 1388 sacerdotium
868 1327 1094 1387 Christi
1139 1266 1414 1402 Ιξοωίηἰ,
1451 1339 1513 1388 et
1553 1348 1692 1388 vera
1733 1328 1959 1411 religio.

212 1407 527 1471 Orandum
557 1421 650 1470 est
676 1421 876 1471 autem
909 1432 1019 1493 pro
1049 1411 1421 1503 magistratu,
1450 1432 1559 1494 pro
1588 1410 1828 1505 regibus
1856 1422 1962 1471 aut

209 1492 493 1554 omnibus
522 1492 585 1553 in
622 1493 950 1553 eminentia
989 1493 1351 1566 constitutis,
1381 1515 1490 1577 pro
1533 1493 1822 1554 ministris
1863 1515 1963 1555 ec-

0 1620 6 1645 ,
209 1573 408 1636 clesioe
433 1585 497 1635 et
523 1574 808 1636 omnibus
836 1576 1288 1636 necessitatibus
1315 1576 1721 1636 ecclesiarum.
1763 1576 1840 1637 ln
1861 1597 1962 1637 ca-

0 1653 23 1728 ἶ
207 1656 580 1719 laniatibus
607 1678 767 1730 vero,
793 1669 856 1717 et
884 1657 1267 1740 potissimum
1299 1657 1584 1730 ecclesiae,
1613 1658 1843 1740 absque
1870 1658 1963 1718 in-

0 1742 10 1770 *
208 1738 605 1812 tumissione,
634 1750 697 1799 et
723 1739 1005 1821 privatim
1044 1751 1108 1800 et
1148 1739 1393 1822 publice
1436 1739 1803 1822 precandum
1850 1752 1957 1802 est.

207 1821 256 1884 S
338 1830 441 1883 nte
469 1821 614 1883 item
647 1821 1017 1904 precandum
1046 1833 1157 1897 est,
1188 1844 1310 1882 non
1340 1833 1594 1897 coarcte,
1627 1844 1824 1903 neque
1849 1845 1960 1906 pro

208 1842 337 1967 11Εὲ
389 1905 601 1988 pretio.
675 1904 895 1986 Neque
942 1905 1117 1967 decet
1165 1906 1496 1966 orationem
1550 1906 1960 1988 superstitiose

208 1986 514 2048 astrictam
559 2009 688 2047 esse
731 1988 887 2060 loco,
929 1989 1099 2068 quasi
1144 1988 1284 2048 alibi
1331 2011 1452 2049 non
1497 1988 1693 2064 liceat,
1734 1988 1849 2049 nisi
1895 1989 1958 2048 in

207 2069 440 2152 templo
501 2069 745 2151 precari.
838 2069 1059 2151 Neque
1113 2082 1351 2154 oportet
1407 2093 1612 2154 preces
1669 2072 1960 2155 publicas,

208 2151 408 2234 quoad
437 2151 691 2212 formam
723 2163 784 2213 et
812 2163 1073 2235 tempus,
1102 2154 1163 2214 in
1205 2154 1487 2214 omnibus
1526 2155 1791 2215 ecclesiis
1830 2177 1958 2214 esse

288 2255 400 2295 res.
482 2233 791 2297 Libertate
818 2236 980 2296 enim
1019 2258 1126 2297 sua
1162 2248 1410 2298 utantur
1445 2237 1714 2298 ecclesiae
1751 2238 1960 2318 quaeli-

398 2316 672 2377 Socrates
703 2318 765 2378 in
796 2317 1089 2392 Historia,
1115 2326 1152 2356 ‘⁴
1172 2318 1247 2379 In
1277 2319 1560 2380 omnibus
1598 2319 1824 2400 ubique
1866 2342 1959 2380 re-

203 2405 245 2436 “
269 2397 601 2481 gionibus,”
628 2398 844 2481 inquit,
862 2408 899 2436 ‘⁴
917 2422 1037 2463 non
1062 2401 1286 2484 poteris
1316 2402 1580 2462 invenire
1598 2402 1747 2463 duas
1768 2403 1960 2464 eccle-

204 2489 247 2519 “
271 2481 409 2556 sias,
438 2503 574 2563 quoe
617 2482 842 2543 orando
885 2484 1064 2566 plene
1107 2483 1505 2545 consentiant.
1579 2485 1957 2565 Hujusmodi

0 2597 27 2647 ξ.
202 2571 242 2604 ⁶⁸
268 2562 683 2648 discrepantioe
717 2566 998 2627 authores
1036 2589 1139 2627 eos
1182 2589 1311 2628 esse
1354 2578 1524 2650 put0‚
1556 2567 1662 2649 qui
1706 2568 1957 2651 singulis

0 2648 27 2676 '³'
202 2654 244 2686 ‘⁶
268 2647 643 2731 temporibus
686 2649 952 2711 ecclesiis
995 2651 1385 2733 praefuerunt.
1457 2650 1522 2710 Si
1566 2663 1771 2712 tamen
1817 2662 1958 2711 sunt

201 2737 239 2773 ‘⁴
266 2742 684 2815 congruentes,
730 2732 1141 2816 maximopere
1184 2733 1738 2795 commendandum
1785 2734 1865 2806 id,
1895 2746 1957 2794 et

202 2820 243 2851 ‘⁶
270 2812 403 2874 aliis
432 2813 792 2876 imitandum
822 2816 1108 2877 videtur.”

287 2894 408 2956 Sed
436 2906 500 2956 et
530 2897 775 2959 modum
807 2920 936 2960 esse
963 2899 1156 2973 decet,
1186 2910 1255 2961 ut
1297 2900 1359 2959 in
1403 2922 1466 2959 re
1509 2899 1738 2981 quavis,
1767 2899 1851 2959 ita
1893 2910 1957 2959 et

203 2978 266 3039 in
295 2978 573 3061 precibus
614 2980 892 3063 publicis,
922 3005 998 3044 ne
1041 2982 1222 3043 nimis
1266 2983 1385 3043 sint
1429 2982 1679 3065 prolixae
1721 2992 1783 3042 et
1827 3003 1956 3041 nio-

203 3061 389 3122 lestoe.
450 3061 687 3124 Cedant
714 3082 857 3147 ergo
885 3066 1145 3148 potiores
1170 3078 1368 3149 partes
1398 3066 1458 3126 in
1482 3066 1743 3127 coetibus
1773 3064 1954 3124 sacris

203 3142 490 3205 doctrinoe
516 3146 894 3228 evangelicae,
920 3162 1336 3230 mirenturque,
1366 3171 1441 3209 ne
1484 3148 1666 3209 nimis
1709 3146 1955 3229 prolixis

204 3226 484 3309 precibus
525 3227 811 3311 fatigetur
851 3230 914 3291 in
957 3242 1123 3292 coetu
1168 3232 1448 3325 populus,
1485 3249 1556 3291 ut
1598 3251 1737 3291 cum
1785 3228 1954 3290 audi-

203 3308 361 3371 enda
407 3321 499 3370 est
541 3310 886 3393 predicatio
925 3315 1241 3396 evangehi,
1268 3314 1361 3373 vel
1405 3312 1606 3394 egredi
1650 3333 1727 3373 ex
1769 3323 1956 3389 coetu,

204 3392 300 3454 vel
330 3392 496 3454 hunc
523 3393 584 3453 in
616 3394 959 3455 universum
992 3395 1139 3456 solvi
1169 3395 1416 3478 cupiant
1440 3394 1770 3478 defatigati.
1834 3394 1957 3456 Ta-

206 3475 366 3537 libus
396 3475 457 3536 iu
487 3477 778 3540 concione
806 3477 989 3539 nimis
1015 3477 1253 3539 videtur
1279 3478 1581 3560 prolixum
1610 3499 1764 3553 esse,
1787 3477 1954 3559 quod

204 3557 355 3620 alias
402 3559 777 3621 succinctum
823 3571 916 3622 est
957 3560 1117 3622 satis.
1192 3560 1359 3622 Nam
1402 3575 1464 3623 et
1505 3560 1952 3623 concionatores

208 3641 461 3704 modurn
489 3653 696 3705 tenere
721 3643 914 3706 decet.
983 3643 1087 3713 Sic
1113 3655 1178 3706 et
1214 3654 1426 3707 cantus
1469 3644 1532 3706 in
1571 3655 1740 3707 coetu
1784 3665 1952 3706 sacro
1975 3672 2009 3694 --

1667 3776 1701 3788 l
