2418 4172
518 373 626 433 800
1150 368 1630 428 CONFESSIO

517 535 677 598 quan
721 534 862 576 uam
889 514 1185 575 excellens
1213 514 1504 596 sapientia
1530 525 1593 575 et
1611 513 1852 589 virtute,
1862 513 2084 594 jubens
2112 511 2253 575 ado-

517 597 630 659 rari
658 619 687 659 s
751 608 935 658 tuam.
1019 594 1104 659 Et
1130 608 1384 679 peceant
1410 616 1620 657 omnes
1651 595 1945 672 homines,
1970 594 2079 679 qui
2120 596 2254 658 tali-

518 681 630 741 bus
673 680 885 742 edictis
934 691 1038 742 aut
1086 680 1316 763 legibus
1357 679 1812 763 obtemperant:
1869 677 2253 741 sicut·Heva

516 764 823 906 Ege-cahat,
850 761 1160 857 discedens
1199 785 1234 823 a
1271 761 1557 856 mandato
1591 761 1795 855 divino
1835 771 2079 845 propter
2104 760 2254 821 Dia-

598 846 640 906 lt
671 845 1074 907 mendacium.
1157 844 1276 906 Sed
1299 845 1710 942 universaliter
1737 845 1941 926 regula
1969 841 2257 904 servanda

515 927 1645 1093 5122‚3„‘233;*ggig{„²j’q1⁸gss²‡ae‘2⁶igffgss‚3
1674 925 2256 1103 &grim

519 1103 803 1166 mortuos,
831 1103 935 1153 aut
962 1091 1242 1173 amplecti
1308 1093 1491 1153 alsam
1530 1091 1883 1165 doctrinam,
1910 1102 2015 1152 aut
2051 1091 2257 1152 obser-

517 1174 639 1235 vari
690 1173 1165 1267 impiosocultus.
1226 1173 1347 1267 ‚De
1398 1174 1489 1234 bis
1536 1172 1820 1271 omnibus
1862 1172 2121 1271 tenenda
2164 1181 2259 1234 est

518 1256 722 1398 issggsl?
734 1275 933 1399 ezriel?
988 1265 1336 1398 erffiffitssnll
1355 1254 1972 1419 ffger'cxiotlubnffjiguem
2010 1255 2258 1420 ρὶυὲἒῖ

518 1420 647 1481 sine
701 1430 948 1503 peccato
996 1421 1306 1480 observare
1348 1440 1471 1480 non
1510 1430 1791 1512 possunt.
1875 1418 2009 1481 Etsi
2053 1429 2257 1480 autem
2354 1438 2358 1441 ’

519 1503 760 1576 seimus,
789 1502 935 1584 quid
965 1501 1042 1563 de
1069 1502 1270 1584 legum
1312 1503 1743 1563 mutationibus
1770 1502 1877 1563 viri
1907 1501 2136 1586 politici
2155 1500 2260 1582 ju-

518 1585 757 1647 dicent:
801 1598 1005 1646 tamen
1045 1580 1216 1646 Deus
1261 1585 1348 1647 sic
1394 1585 1688 1646 ordinavit
1733 1583 2158 1660 obedientiam,
2189 1594 2260 1645 ut

518 1669 663 1728 velit
689 1688 797 1728 nos
826 1689 967 1729 cum
1001 1667 1131 1749 ipso
1159 1668 1467 1751 copulatos
1497 1689 1642 1742 esse,
1669 1678 1731 1728 et
1757 1687 2082 1751 congruere
2114 1687 2256 1728 cum

520 1750 809 1833 sapientia
846 1761 906 1810 et
935 1749 1208 1827 justitiaz
1253 1750 1412 1811 unde
1450 1750 1542 1810 hae
1573 1750 1792 1831 regulae
1822 1761 1964 1811 sunt
1989 1749 2259 1811 immone

519 1844 580 1893 et
606 1844 879 1894 oeternoe:
923 1829 1067 1892 Non
1097 1832 1339 1905 habebis
1373 1832 1512 1893 deos
1545 1831 1776 1893 alienos
1794 1857 1816 1892 .-
1859 1832 2027 1906 item,
2060 1830 2259 1913 Opor-

520 1923 608 1976 tet
642 1914 779 1976 Deo
821 1915 1021 1996 magis
1058 1914 1300 1975 obedire
1341 1935 1524 1997 quam
1566 1914 1901 1976 homnibus
1922 1938 1944 1976 e
1988 1914 2156 1986 item,
2187 1912 2260 1975 So·

519 1998 654 2080 quis
680 1997 858 2058 aliud
881 1996 1259 2079 evangelium
1288 1997 1475 2071 docet,
1503 1996 1828 2058 anathema
1853 1997 1953 2057 sit.

603 2079 882 2140 Secunda
910 2079 1149 2161 regula:
1193 2079 1351 2139 Cum
1382 2078 1667 2140 usitatum
1693 2079 1788 2149 sit,
1810 2076 2261 2162 superstitiones

521 2159 734 2224 addere
761 2162 1062 2244 operibus,
1091 2182 1223 2242 quae
1253 2161 1476 2243 alioqui
1506 2182 1615 2222 suo
1643 2182 1860 2244 genere
1887 2171 2057 2222 erant
2084 2158 2263 2222 indif-

521 2244 806 2315 ferentia,
850 2255 918 2306 ut
946 2266 1055 2305 nos
1083 2245 1241 2305 vesci
1273 2244 1569 2319 carnibus,
1599 2256 1703 2306 aut
1729 2266 1851 2306 non
1878 2243 2037 2306 vesei
2066 2243 2261 2305 earni-

521 2329 670 2389 bust
719 2348 960 2388 necesse
1006 2338 1097 2388 est
1140 2327 1588 2410 superstitiones
1638 2338 1700 2388 et
1740 2347 1982 2402 errores,
2053 2326 2115 2387 ui
2159 2324 2263 2387 ad-

519 2410 762 2484 duntur,
790 2421 1030 2481 taxat-1³3
1073 2421 1135 2470 et
1166 2409 1451 2471 doetrinoe
1484 2411 1762 2493 exempla
1789 2410 1849 2471 in
1882 2430 1994 2471 usu
2045 2408 2262 2470 ibertu-

521 2493 596 2552 tis
642 2492 911 2553 modeste
950 2491 1183 2553 ostendi
1229 2503 1494 2575 possunt.
1578 2491 1691 2552 Est
1720 2502 1919 2553 autem
1949 2511 2110 2552 ermr
2134 2513 2257 2552 non

520 2575 825 2649 obscurus,
873 2595 1054 2655 quem
1114 2575 1367 2635 stultitia
1413 2574 1738 2635 multorum
1789 2573 2158 2648 docentium,
2198 2583 2260 2635 et

520 2657 729 2750 populi
762 2657 1133 2750 plerumque,
1162 2655 1344 2730 addit,
1371 2655 1530 2736 quod
1557 2656 1774 2718 docent
1802 2666 1863 2718 et
1891 2655 2260 2731 existimant,

511 2738 745 2820 jejunia
772 2751 832 2800 et
861 2739 1080 2800 similia
1101 2760 1280 2822 opera
1300 2738 1509 2799 mereri
1541 2740 1953 2800 remissionem
1981 2750 2262 2823 peccato-

521 2841 675 2897 rum,
706 2832 834 2883 tum
866 2820 1077 2905 culpae,
1104 2833 1235 2883 tum
1281 2842 1512 2904 poenoe:
1557 2834 1626 2884 ut
1662 2834 1723 2884 et
1753 2822 2022 2884 Thomas
2052 2822 2263 2885 scribit

520 2903 596 2965 de
638 2905 1158 2979 satisfactionibus,
1185 2916 1246 2966 et
1279 2905 1519 2987 plurimi
1556 2905 1641 2967 sic
1676 2906 2020 3000 loquuntur.
2105 2904 2262 2968 Hac

524 2987 860 3050 Pharisaica
897 2987 1245 3070 imaginatio
1283 2986 1456 3048 facile
1491 2988 1651 3083 capit
1681 3009 1929 3063 ammos,
1955 2999 2017 3049 et
2045 2988 2260 3051 obscu-

522 3081 612 3131 rat
651 3072 847 3133 lucem
886 3069 1170 3132 doctrinae
1198 3069 1275 3131 de
1305 3070 1608 3132 beneficus
1636 3071 1861 3133 Christi
1900 3071 2173 3155 propriis,
2196 3081 2262 3133 et
2356 3075 2359 3118 ἶ

521 3153 597 3214 de
639 3153 895 3237 gratuita
937 3153 1300 3224 remissione,
1330 3164 1390 3215 et
1430 3153 1506 3214 de
1549 3154 1684 3215 fide.
1770 3153 1928 3216 Cum
1955 3154 2118 3216 enim
2146 3175 2262 3298 zu-

521 3248 654 3298 tant
685 3236 959 3299 homines
987 3237 1197 3298 mereri
1228 3258 1291 3297 se
1319 3236 1726 3299 remissionem
1941 3247 2140 3299 torum
2205 3232 2258 3298 is

522 3319 643 3380 suis
687 3320 916 3393 ritibus,
944 3320 1308 3381 transferunt
1352 3320 1639 3381 honorem
1683 3319 1758 3381 de
1805 3320 1955 3382 itum
1997 3317 2256 3390 christo,

523 3402 583 3461 in
630 3401 739 3463 hos
782 3402 949 3476 ritus,
978 3412 1040 3464 et
1078 3403 1508 3486 aliquantisper
1548 3402 1707 3464 inani
1744 3402 1964 3465 fiducia
1998 3410 2253 3463 tument.

524 3483 735 3545 Postea
790 3495 992 3546 tamen
1044 3485 1103 3547 in
1147 3486 1297 3548 veris
1347 3485 1649 3547 doloribus
1692 3495 1875 3547 ruunt
1916 3484 1978 3544 in
2018 3479 2256 3542 dubita-

522 3565 731 3641 tiones,
759 3588 895 3648 quae
939 3579 1080 3630 sunt
1120 3568 1204 3630 eis
1246 3568 1449 3630 exitio.
1533 3568 1615 3629 Et
1652 3588 1761 3652 per
1796 3585 1924 3627 sese
1963 3582 2024 3625 m
2147 3583 2251 3625 um

522 3659 836 3727 peccatum
869 3660 979 3723 est,
1008 3671 1128 3712 non
1159 3672 1334 3713 nosse
1363 3650 1655 3712 beneficia
1683 3647 1821 3710 Filii
1849 3642 1986 3707 Dei.
