2418 4172
407 337 481 389 ⁸8
1036 336 1201 392 CON
1223 336 1527 392 FESSIO

409 478 566 539 lecta
606 476 874 539 eccleaiae
916 479 1023 540 fiat
1072 479 1133 541 in
1186 500 1475 563 pauperes
1525 490 1587 540 et
1630 500 1840 540 omnes
1884 477 2151 540 ecclesia

409 561 770 623 necessarios
808 575 1085 645 sumptus
1128 561 1450 636 faciendos,
1481 575 1585 624 aut
1627 583 1769 623 usus
1811 573 2153 624 :sustentan-¹

406 642 538 717 don,
572 644 885 705 necessarii
929 658 1069 707 sunt
1110 645 1360 707 omnino
1402 658 1597 707 coetus
1634 644 1780 706 sacri
1826 644 1918 704 vel
1961 644 2153 706 eccle-

406 725 630 787 siastici
675 725 942 788 fidelium
994 741 1342 789 conventus.
1427 728 1680 789 Constat
1728 727 1890 787 enirn
1942 725 2006 786 in
2053 747 2150 787 eo-

406 808 587 875 etesia
628 810 972 891 apostolica,
998 824 1059 871 et
1087 810 1390 893 primitiva
1419 809 1765 890 hujusmodi
1795 821 1990 870 coetus
2019 829 2150 870 ease

406 892 484 952 ab
528 892 810 953 omnibus
857 893 970 975 piis
1015 893 1439 973 frequentatos.
1527 895 1845 974 Quotquot
1897 891 2008 951 hoa
2059 912 2152 952 aa·

405 987 753 1057 pernantur,
780 988 842 1035 et
883 976 960 1036 ab
1006 976 1098 1035 his
1136 998 1265 1036 aeae
1301 989 1636 1057 segregant,
1668 976 2018 1056 religionem
2048 995 2149 1035 ve·

404 1078 534 1118 ram
578 1069 996 1132 contemnunt,
1030 1057 1401 1139 urgendique
1443 1072 1584 1119 aunt
1627 1081 1663 1120 a
1709 1058 2047 1141 pastoribus
2087 1068 2151 1118 et

402 1139 519 1221 piis
557 1139 1023 1220 magistratibus,
1053 1161 1129 1200 ne
1165 1141 1581 1202 contumacius
1618 1164 1682 1202 ae
1724 1161 2053 1223 segregare,
2085 1149 2151 1200 et

403 1234 599 1283 coetua
628 1243 824 1283 sacros
853 1222 1104 1282 aversari
1134 1235 1404 1304 pergant.
1490 1222 1628 1284 Sint
1656 1244 1795 1284 vero
1828 1236 2024 1293 coetua
2052 1243 2150 1284 ec-

402 1303 716 1367 eleaiaatici
756 1326 875 1364 non
914 1304 1135 1365 occulti
1174 1318 1237 1365 et
1276 1305 1535 1377 obscuri,
1561 1304 1664 1365 aed
1748 1304 1932 1365 ublici
1966 1316 2151 1385 atque

399 1386 765 1467 frequentes,
799 1385 914 1447 nisi
961 1386 1347 1469 persequutio
1390 1387 1655 1448 hostium
1744 1386 1913 1448 bristi
1952 1397 2015 1448 et
2050 1407 2152 1449 ec-

400 1468 595 1530 cleaioe
623 1491 745 1530 non
775 1469 931 1530 sinat
958 1491 1089 1530 esse
1116 1470 1408 1552 publicos.
1480 1470 1722 1532 Scimus
1750 1468 1911 1531 enim
1940 1468 2151 1551 quales

398 1551 622 1612 fuerint
665 1551 970 1633 quondam
1016 1552 1335 1635 primitivae
1380 1553 1648 1615 eccleaiae
1693 1564 1891 1615 coetus
1939 1552 2005 1618 in
2045 1552 2153 1615 ab·

399 1634 540 1695 ditis
591 1634 756 1709 locis,
801 1636 914 1695 sub
963 1635 1281 1718 tyrannide
1325 1636 1739 1697 Romanorum
1786 1635 2147 1719 principum.
2255 1659 2263 1670 ·

400 1717 539 1778 Sint
580 1729 784 1778 autem
830 1717 979 1791 loca,
1010 1718 1070 1780 in
1106 1719 1326 1799 quibus
1362 1732 1583 1781 coeunt
1622 1718 1848 1791 fideles,
1879 1718 2150 1791 honesta,

399 1811 462 1861 et
499 1800 765 1861 eccleaiae
806 1799 928 1862 Dei
969 1823 1077 1884 per
1117 1801 1321 1863 omnia
1360 1801 1699 1864 commoda.
1784 1801 2150 1884 Deligantur

398 1904 542 1965 ergo
569 1882 726 1944 oedes
755 1884 991 1966 amplae,
1021 1896 1125 1946 aut
1153 1886 1400 1968 templa.
1488 1885 1916 1980 Repurgentur
1943 1896 2148 1946 tamen
2247 1924 2257 1933 ,

398 1966 476 2027 ab
519 1966 590 2027 iis
634 1967 810 2027 rebus
852 1967 1155 2040 omnibus,
1202 1989 1339 2048 quoe
1387 1968 1702 2029 ecclesiam
1748 1990 1869 2028 non
1912 1966 2148 2029 decent.

398 2048 782 2111 Instruantur
811 2061 1013 2112 autem
1053 2050 1257 2111 omnia
1286 2073 1395 2132 pro
1423 2050 1660 2124 decoro,
1686 2049 2061 2124 necessitate,
2085 2060 2152 2114 et

400 2131 712 2193 honestate
742 2132 861 2214 pia,
879 2154 955 2192 ne
983 2131 1129 2213 quid
1159 2132 1335 2207 desit,
1356 2132 1516 2215 quod
1548 2133 1869 2215 requiritur
1895 2130 1970 2195 ad
1997 2131 2148 2194 ritus

396 2225 460 2274 et
510 2236 651 2276 usus
702 2215 973 2276 ecclesiae
1024 2217 1402 2278 necessarios.
1489 2217 1661 2279 Sicut
1710 2228 1915 2278 autem
1957 2214 2148 2277 credi-

396 2318 533 2358 mus
583 2297 789 2359 Deum
842 2320 961 2359 non
1011 2298 1279 2360 babitare
1322 2301 1383 2360 in
1428 2300 1671 2382 templis
1724 2321 1908 2361 manu
1953 2298 2149 2373 factio,

396 2379 480 2440 ita
518 2402 627 2463 pro
674 2391 764 2442 ter
791 2382 1041 2442 verbum
1072 2381 1192 2442 Dei
1233 2393 1295 2443 et
1335 2404 1475 2443 usus
1515 2404 1731 2455 sacros,
1760 2381 1983 2443 scimus
2015 2381 2147 2443 loca

394 2461 532 2523 Deo
561 2484 634 2523 cu
662 2464 870 2544 tuique
907 2462 1036 2543 ejus
1066 2462 1359 2539 dedicata,
1388 2487 1508 2525 non
1538 2487 1667 2526 esse
1698 2464 2012 2547 prophana
2039 2462 2146 2526 sed

395 2565 580 2618 sacra,
609 2557 670 2606 et
698 2546 801 2626 qui
844 2546 904 2607 in
952 2546 1043 2607 his
1075 2558 1398 2621 versantur,
1426 2560 1760 2609 reverenter
1785 2559 1848 2608 et
1878 2546 2147 2608 modeste

394 2628 727 2688 conversari
758 2627 993 2702 debere,
1021 2641 1232 2711 utpote
1270 2631 1374 2711 qui
1415 2631 1538 2692 sint
1576 2630 1634 2692 in
1667 2631 1801 2692 loco
1829 2651 2015 2702 sacro,
2043 2653 2146 2692 co·

395 2731 523 2771 ram
566 2710 685 2771 Dei
731 2724 1055 2795 conspectu
1106 2724 1166 2773 ct
1212 2725 1556 2775 sanctorum
1602 2713 1950 2795 angeiorum
1994 2712 2144 2794 ejus.

394 2793 529 2853 Lon
575 2815 609 2853 e
653 2793 855 2875 itaque
898 2817 932 2855 a
975 2795 1216 2889 templis
1259 2808 1321 2857 et
1362 2796 1631 2858 oratoriis
1661 2795 2143 2858 Christianorum

395 2897 534 2958 repe
561 2874 770 2937 flendus
812 2889 905 2938 eat
945 2899 1145 2939 omnia
1174 2879 1428 2941 vestium
1475 2881 1672 2955 luxua,
1699 2880 1897 2941 omnia
1939 2901 2147 2963 super-

397 2958 512 3033 bia,
540 2970 602 3020 et
629 2960 834 3021 omnia
864 2982 999 3042 quoe
1042 2961 1467 3036 bumilitatem,
1494 2963 1897 3047 disciplinam,
1923 2973 1986 3024 et
2017 2985 2146 3023 mo-

393 3040 646 3103 destiam
691 3041 984 3105 dedecent
1026 3042 1453 3107 Christianam.
1537 3047 1631 3107 Ac
1667 3067 1841 3107 verua
1883 3045 2145 3129 templo-

394 3145 527 3185 rum
572 3136 815 3187 ornatus
859 3148 978 3187 non
1026 3140 1262 3190 constat
1309 3129 1508 3205 ebore,
1551 3152 1714 3204 auro,
1755 3142 1818 3190 et
1864 3128 2144 3211 gemmis,

395 3206 496 3267 sed
528 3207 884 3303 frugalitate,
914 3209 1159 3293 pietate,
1180 3210 1620 3295 virtutibusque
1648 3235 1853 3275 eorum
1886 3213 1991 3296 qui
2014 3235 2144 3276 ver·

394 3301 600 3351 santur
629 3313 689 3352 in
720 3291 972 3376 templo.
1043 3294 1270 3357 Omnia
1299 3308 1501 3358 autem
1533 3296 1815 3359 decenter
1839 3308 1905 3360 et'
1934 3295 2142 3360 ordine

395 3372 544 3463 fiant
595 3374 655 3435 in
701 3375 971 3449 ccclesia,
1015 3378 1223 3439 omnia
1263 3378 1525 3461 denique
1570 3382 1719 3443 fiant
1761 3379 1836 3443 ad
1878 3377 2141 3443 edific·-

393 3465 639 3516 nonem.
726 3458 994 3522 'l‘aceant
1029 3483 1173 3543 ergo
1210 3483 1423 3524 omnes
1462 3464 1787 3545 peregrine
1820 3462 2042 3544 liuguae
2076 3461 2138 3525 in

393 3537 652 3599 coetibus
682 3542 880 3603 sacris.
952 3544 1179 3605 Omnia
1218 3567 1327 3628 pro
1411 3559 1628 3609 nantur
1657 3546 1861 3639 lingua
1888 3544 2139 3628 vulgari,

392 3628 454 3678 et
481 3639 615 3699 quae
637 3643 710 3681 eo
735 3621 792 3683 in
826 3623 958 3687 loco
987 3627 1065 3688 ab
1095 3569 1443 3690 hominibiis
1475 3629 1532 3689 in
1564 3639 1731 3690 coetu
1752 3626 2135 3711 intelligatur.
