2418 4172
667 359 1215 416 AUGUSTANA
1269 357 1523 412 MDXL.
1872 358 1976 415 197

515 514 806 576 catorum,
833 515 894 564 et
922 515 1109 585 agunt
1136 501 1353 598 gratias
1383 498 1629 561 Christo
1655 518 1765 580 pro
1801 509 1969 559 tanto

234 586 385 648 bene
432 587 543 648 cio.
631 587 723 648 Ita
768 589 836 647 fit
880 587 1202 671 applicatio
1246 582 1522 644 beneficii
1561 580 1810 652 Christi,
1846 603 1967 641 non

230 680 474 752 propter
511 669 771 731 alienum
814 690 986 752 opus,
1014 668 1115 728 sed
1199 666 1394 749 ropria
1422 665 1712 745 cujusque
1740 662 1879 736 fide,
1907 675 1968 723 et

228 752 472 836 proprio
527 774 637 812 usu
682 751 1056 811 sacramenti.
1209 771 1305 809 am
1357 770 1499 809 cum
1550 748 1566 807 i
1617 747 1662 807 si
1723 745 1967 819 utimur,

229 844 482 896 testatur
522 834 649 916 ipsa
689 833 912 893 Christi
957 832 1272 905 ordinatio,
1309 831 1470 912 quod
1516 853 1548 890 a
1634 850 1740 889 nos
1785 828 1968 910 perti-

228 928 370 978 neat
412 917 770 977 beneficium
816 916 1126 997 evangelii.
1211 914 1375 975 Talis
1423 936 1564 974 usus
1611 912 1966 973 sacramenti

228 997 365 1083 pius
407 1010 518 1074 est,
560 1011 622 1060 et
668 998 973 1060 docendus
1024 999 1084 1059 in
1133 998 1419 1070 ecclesiis,
1461 996 1564 1078 qui
1609 1007 1669 1056 et
1710 994 1968 1055 illustrat

228 1081 561 1145 doctrinam
605 1082 680 1143 de
723 1082 860 1155 fide,
894 1094 956 1142 et
997 1080 1071 1142 de
1115 1081 1522 1175 spiritualibus
1566 1077 1864 1140 exercitiis
1907 1088 1969 1138 et

228 1165 382 1227 veris
423 1166 704 1238 cultibus,
741 1176 802 1225 et
845 1164 1036 1225 adfert
1078 1165 1191 1246 piis
1234 1162 1616 1225 conscientiis
1659 1162 1965 1244 ingentem

229 1249 721 1320 consolationem,
748 1260 808 1308 et
836 1248 1010 1330 erigit
1038 1247 1239 1307 fldem.
1326 1247 1486 1306 Ante
1519 1246 1647 1306 hoec
1676 1256 1969 1326 tempora,

228 1329 308 1391 de
349 1351 462 1396 usu
498 1331 852 1392 sacramenti
890 1330 1064 1413 longe
1092 1330 1261 1390 aliter
1288 1329 1657 1390 docebantur
1683 1327 1965 1389 ecclesiae.

232 1412 406 1474 Nihil
445 1415 907 1496 proponebatur,
934 1413 1049 1473 nisi
1087 1412 1247 1494 quod
1293 1412 1407 1473 hoc
1442 1433 1593 1494 opus
1623 1409 1966 1471 faciendum

229 1508 402 1556 esset.
487 1496 587 1557 De
650 1496 786 1571 fide,
840 1495 916 1556 de
979 1494 1384 1556 consolatione
1448 1493 1967 1563 conscientiarum,

229 1599 410 1638 nemo
464 1578 794 1659 quidquam
853 1579 1154 1638 monebat.
1250 1577 1334 1637 Et
1396 1578 1766 1637 vexabantur
1827 1596 1970 1635 con-

227 1659 490 1720 scientiae
547 1658 872 1720 immodica
927 1658 1239 1739 diligentia
1294 1658 1699 1718 confessionis.
1786 1657 1969 1717 Hanc

225 1741 519 1824 putabant
547 1742 869 1824 puritatem
901 1763 1048 1814 esse,
1077 1762 1259 1821 quam
1292 1741 1540 1820 requirit
1566 1739 1968 1821 evangelium,

225 1840 366 1886 cum
403 1824 779 1906 evangelium
810 1823 1071 1905 requirat
1100 1845 1304 1884 verum
1336 1823 1639 1897 timorem,
1667 1833 1729 1883 et
1764 1844 1967 1883 veram

225 1905 533 1981 fiduciam,
574 1919 637 1968 et
679 1929 788 1968 usu
835 1906 1013 1987 hujus
1058 1907 1413 1967 sacramenti
1459 1928 1567 1966 nos
1611 1905 1970 1978 consolatur,

223 2000 296 2051 ut
338 1989 422 2062 hi,
449 1990 554 2070 qui
599 1990 1020 2073 poenitentiam
1066 2002 1271 2071 agunt,
1299 1988 1544 2050 credant
1577 2000 1739 2049 certo
1769 2011 1831 2049 se
1862 1988 1969 2048 ha-

228 2073 368 2133 bere
388 2072 590 2133 Deum
622 2073 948 2156 propitium
983 2083 1225 2155 propter
1246 2072 1579 2146 Christum,
1599 2072 1834 2132 etiamsi
1863 2093 1971 2131 na-

229 2166 364 2215 tura
411 2156 668 2228 infirma,
710 2166 773 2216 et
814 2154 1131 2215 immunda
1172 2166 1281 2230 est,
1317 2155 1551 2215 etiamsi
1597 2155 1727 2215 haec
1769 2165 1971 2214 nostra

233 2237 514 2299 inchoata
541 2237 880 2299 obedientia
908 2238 1117 2320 procul
1149 2239 1318 2299 abest
1347 2260 1381 2298 a
1409 2237 1774 2320 perfectione
1802 2237 1967 2319 legis.

227 2319 328 2381 Ex
372 2321 466 2382 his
508 2321 789 2381 omnibus
827 2322 969 2382 satis
1007 2320 1197 2401 liquet
1225 2321 1469 2381 missam
1501 2320 1660 2403 apud
1690 2343 1798 2380 nos
1827 2342 1971 2381 con-

226 2403 428 2464 venire
454 2425 594 2464 cum
626 2403 1001 2464 institutione
1029 2403 1278 2478 Christi,
1307 2415 1368 2463 et
1395 2403 1513 2464 ritu
1543 2403 1753 2486 primae
1781 2403 1972 2464 eccle-

227 2485 347 2547 siae.
431 2486 528 2547 Ad
568 2487 697 2547 haec
728 2487 983 2548 illustrat
1021 2486 1286 2547 maxime
1325 2507 1529 2547 verum
1567 2508 1746 2547 usum
1780 2507 1972 2547 sacra-

226 2568 436 2630 menti.
523 2569 894 2650 Hujusmodi
937 2570 1278 2631 communis
1323 2568 1513 2630 missa
1542 2568 1658 2629 fuit
1695 2570 1757 2629 in
1785 2569 1971 2630 veteri

226 2651 495 2727 ecclesia,
524 2665 590 2713 ut
633 2653 1104 2735 Chrysostomus
1147 2664 1417 2728 testatur,
1445 2653 1549 2733 qui
1594 2651 1696 2727 ait,
1724 2660 1759 2687 “
1781 2674 1971 2712 sacer-

227 2740 263 2768 “
291 2732 500 2795 dotum
546 2735 621 2796 ad
665 2736 847 2796 altare
891 2747 1063 2810 stare,
1089 2747 1149 2796 et
1178 2736 1323 2797 alios
1363 2735 1438 2796 ad
1475 2736 1969 2796 communionem

227 2822 264 2851 “
293 2837 608 2891 accersere,
638 2818 783 2878 alios
810 2841 948 2879 vero
979 2820 1223 2880 arcere.”
1307 2818 1392 2879 Et
1433 2840 1507 2879 ex
1540 2818 1790 2878 Nicenae
1829 2840 1971 2900 syn-

228 2896 329 2958 odi
372 2898 624 2960 decretis
667 2913 933 2983 apparet,
964 2924 1150 2963 unum
1193 2902 1454 2983 aliquem
1500 2900 1828 2962 celebrasse
1863 2899 1970 2960 Li-

228 2980 509 3063 turgiam,
539 2994 607 3044 ut
635 2983 830 3044 Groeci
859 2997 1094 3058 vocant,
1123 2985 1227 3066 qui
1257 2985 1488 3045 caeteris
1515 2982 1799 3044 omnibus
1831 3004 1969 3065 por-

231 3064 450 3124 rexerit
490 3086 706 3149 oorpus
745 3068 1198 3150 etxsanguinem
1237 3067 1510 3128 Domini.
1598 3065 1754 3126 Hoec
1803 3066 1967 3126 enim

230 3158 373 3207 sunt
414 3148 592 3208 verba
628 3147 882 3210 decreti:
925 3161 962 3187 ‘⁶
989 3150 1311 3233 Accipiant
1351 3150 1586 3211 diaconi
1634 3147 1967 3210 secundum

226 3236 264 3264 “
291 3228 560 3291 ordinem
603 3242 739 3312 post
774 3234 1150 3314 presbyteros
1180 3234 1256 3293 ab
1284 3233 1587 3338 episeopO,
1617 3231 1708 3291 vel
1739 3254 1774 3291 a
1800 3253 1967 3326 pres·

227 3318 265 3348 “
295 3313 507 3394 bytero
536 3334 763 3373 sacram
793 3315 1303 3375 communionem.
1404 3315 1532 3375 Hic
1560 3313 1779 3374 diserte
1806 3336 1967 3398 ipsos

226 3395 608 3477 presbyteros
652 3395 736 3456 ait
777 3396 900 3458 acci
982 3419 1044 3456 re
1087 3409 1526 3458 sacramentum
1557 3397 1633 3456 ab
1663 3418 1785 3457 uno
1817 3419 1967 3479 quo-

226 3476 368 3538 dam
415 3479 769 3561 porrigente.
922 3501 992 3539 ec
1033 3478 1276 3561 privatae
1314 3480 1510 3540 missae
1544 3478 1667 3541 ulla
1699 3481 1770 3540 fit
1797 3501 1968 3542 men-

228 3560 317 3620 tio
361 3572 499 3622 ante
542 3561 815 3646 Gregorii
865 3574 1156 3644 tempora,
1200 3561 1302 3623 sed
1348 3563 1582 3644 quoties
1623 3573 1849 3624 veteres
1889 3562 1967 3624 de

222 3641 413 3705 missa
455 3644 802 3727 loquuntur,
829 3657 1074 3728 apparet
1110 3667 1212 3706 eos
1249 3645 1325 3707 de
1358 3668 1480 3707 una
1506 3644 1770 3725 quadam
1800 3668 1966 3708 com·-
2017 3685 2025 3689 -

1044 3747 1085 3788 Ο
1112 3739 1149 3789 3
1633 3749 1686 3784 ‘s
