2418 4172
651 304 1210 359 AUGUSTANA
1262 302 1515 357 MDXL.
1846 304 1953 362 w

211 447 362 512 verit
420 445 718 528 attingere
771 445 1163 529 Scripturam,
1216 458 1279 507 et
1334 464 1598 527 quarere
1654 444 1954 510 utiliorem

210 528 540 598 doctrinam
581 528 657 590 de
693 528 831 602 fide,
858 529 935 591 de
963 550 1156 602 cruce,
1183 527 1259 588 de
1288 550 1414 611 spe,
1441 526 1518 588 de
1545 524 1838 608 dignitate
1869 550 1958 589 re-

209 633 346 677 mm
375 611 666 684 civilium,
694 611 769 671 de
798 611 1204 674 consolatione
1232 608 1732 671 conscientiarum
1771 610 1834 669 in
1870 632 1960 670 ar-

209 692 345 758 duis
402 693 853 757 tentationibus.
939 694 1158 774 Itaque
1210 692 1385 753 multi
1439 691 1580 751 boni
1633 691 1741 752 viri
1801 714 1960 774 soepe

211 777 407 860 questi
450 786 612 850 sunt,
650 797 712 836 se
756 775 849 836 his
893 775 1036 835 rixis
1080 773 1467 835 traditionum
1515 773 1793 856 impediri
1838 796 1961 855 quo

212 859 414 923 minus
442 859 627 920 libere
655 857 870 918 versari
903 857 967 918 in
1000 856 1243 917 meliore
1272 856 1560 917 doctrinae
1584 877 1802 938 genere
1823 879 1963 940 pos-

213 951 363 1006 sent.
447 941 606 1003 Cum
677 940 860 1022 igitur
928 938 1275 1020 hujusmodi
1342 939 1767 1022 superstitiosoe
1833 940 1965 1022 opi-

213 1025 425 1088 niones
475 1025 766 1086 hoererent
816 1023 879 1084 in
933 1022 1374 1096 traditionibus,
1417 1044 1659 1083 necesse
1701 1021 1820 1084 fuit
1862 1022 1965 1083 ad-

216 1129 462 1172 monere
495 1107 794 1179 ecclesias,
822 1105 967 1187 quid
1008 1105 1084 1166 de
1126 1104 1546 1167 traditionibus
1580 1104 1961 1167 sentiendum

216 1189 313 1266 sit,
337 1212 533 1252 errore
606 1190 690 1251 ias
722 1202 954 1249 mentes
985 1188 1254 1262 liberare,
1284 1187 1506 1248 mederi
1551 1187 1783 1270 pavidis
1819 1211 1965 1250 con-

216 1273 502 1346 scientiis,
546 1273 840 1332 ilustrare
895 1270 1255 1332 beneficium
1314 1269 1560 1331 Christi.
1644 1270 1788 1332 Non
1849 1271 1966 1333 hoc

218 1355 475 1439 agimus,
503 1366 572 1416 ut
599 1354 990 1415 labefactetur
1018 1354 1301 1414 autoritas
1330 1353 1743 1421 ecclesiasticae
1764 1365 1967 1436 potes-

218 1437 380 1510 tatis,
430 1459 553 1499 non
616 1436 987 1499 detrahimus
1042 1435 1118 1497 dc
1173 1435 1467 1517 dignitate
1523 1435 1966 1518 episcoporum,

219 1542 342 1583 non
379 1519 740 1601 dissipamus
777 1518 1008 1590 εὐταξίαν
1043 1519 1327 1579 ecclesiae.
1413 1518 1603 1579 Recte
1638 1519 1965 1580 intellectae

217 1601 567 1665 traditiones
614 1600 804 1682 magis
854 1612 1150 1672 amantur,
1194 1599 1298 1660 sed
1355 1600 1472 1660 illae
1511 1598 1787 1660 Judaicoe
1834 1600 1968 1681 opi-

217 1683 430 1747 niones
462 1693 698 1744 tantum
732 1681 1268 1764 reprehenduntur.
1340 1681 1441 1741 Sic
1470 1681 1653 1761 igitur
1678 1680 1968 1742 docemus

217 1764 296 1830 de
330 1764 688 1828 ceremoniis
728 1764 994 1824 humana
1033 1763 1350 1824 autoritate
1393 1762 1651 1823 conditis
1683 1763 1747 1823 in
1776 1764 1967 1824 eccle-

218 1846 329 1912 sia.-
409 1847 702 1918 Primum,
735 1845 836 1907 De
873 1845 1297 1907 traditionibus
1334 1866 1473 1926 quae
1509 1854 1783 1927 pugnant
1825 1868 1966 1908 cum

219 1930 518 1994 mandatis
550 1929 692 2003 Dei,
720 1940 825 1990 aut
864 1950 987 1989 non
1027 1939 1279 2010 possunt
1316 1929 1615 1989 observari
1659 1929 1787 1989 sine
1828 1951 1971 2012 pee-

219 2024 379 2088 eato,
431 2011 736 2093 sequenda
789 2022 879 2072 est
938 2011 1146 2093 regula
1202 2011 1646 2093 apostolorum;
1711 2011 1971 2092 Oportet

223 2095 367 2158 Deo
398 2096 600 2177 magis
626 2094 867 2156 obedire
892 2115 1076 2176 quam
1105 2093 1459 2155 hominibus.
1541 2094 1715 2154 Talis.
1734 2110 1828 2156 est
1854 2109 1973 2156 tra-

220 2178 373 2240 ditio
413 2177 491 2240 de
532 2177 840 2239 coelibatu.
924 2176 1186 2248 Deinde,
1214 2176 1290 2236 de
1332 2175 1576 2257 reliquis
1616 2174 1971 2239 cerenioniis

222 2283 360 2343 quae
392 2271 535 2322 sunt
571 2283 681 2321 sua
715 2272 925 2320 natura
952 2281 1044 2320 res
1075 2258 1287 2320 mediae
1317 2281 1421 2320 seu
1454 2258 1872 2334 indifferentes,
1902 2270 1972 2322 ut

211 2342 462 2424 jejunia,
500 2340 678 2416 ferite,
711 2341 1059 2403 discrimina
1100 2342 1370 2416 vestitus,
1405 2353 1467 2402 et
1507 2341 1753 2415 similes,
1781 2343 1975 2404 seien-

219 2425 370 2488 dum
398 2436 509 2499 est,
536 2424 683 2486 tales
712 2425 1154 2486 observationes
1184 2446 1295 2485 nec
1324 2424 1535 2485 mereri
1557 2425 1968 2487 remissionem

220 2518 624 2592 peccatorum,
654 2530 767 2568 nec
798 2507 1123 2588 justitiam,
1152 2530 1265 2568 nec
1302 2506 1730 2589 perfectionem
1763 2508 1974 2569 Chris-

219 2591 447 2654 tianam
504 2613 666 2660 esse;
725 2590 828 2651 sed
888 2612 980 2651 res
1029 2612 1158 2651 esse
1215 2589 1572 2673 adiaphoras
1620 2612 1756 2671 quae
1802 2603 1973 2652 extra

222 2672 482 2735 scandali
513 2695 718 2734 casum
750 2673 949 2734 omitti
980 2684 1249 2755 possunt.

304 2755 676 2816 Testimonia
706 2755 887 2835 hujus
917 2756 1231 2817 sententiae
1261 2755 1440 2837 plana
1470 2766 1531 2816 et
1558 2755 1716 2816 clara
1739 2766 1880 2815 sunt
1908 2754 1971 2816 in

223 2836 534 2918 evangelio
575 2849 636 2898 et
677 2838 1184 2920 disputationibus
1227 2839 1413 2899 Pauli.
1501 2838 1667 2897 Nam
1714 2837 1971 2919 Spiritus

225 2921 482 2981 Sanetus
520 2918 696 2980 duxit
734 2942 931 3002 operae
969 2922 1225 3003 pretium
1268 2943 1415 2993 esse,
1444 2932 1513 2979 ut
1550 2920 1869 3001 diligenter
1895 2920 1973 2981 de

227 3003 345 3066 hae
398 3024 462 3063 re
519 3014 789 3065 moneret
842 3003 1178 3077 ecclesiam,
1227 3026 1303 3063 ne
1360 3002 1787 3085 superstitiosis
1844 3003 1974 3086 opi-

228 3084 511 3146 nionibus
537 3085 886 3147 obrueretur
912 3086 1310 3168 evangelium.

311 3167 494 3228 Rom.
520 3167 643 3227 xiv.
672 3166 959 3250 Regnum
993 3168 1123 3230 Dei
1163 3190 1283 3230 non
1320 3174 1410 3228 est
1449 3188 1584 3227 esca
1627 3174 1736 3228 aut
1770 3174 1975 3247 potu-5,

224 3250 337 3313 sed
338 3249 619 3334 justitia,
641 3270 769 3330 pax
796 3257 856 3310 et
877 3250 1178 3332 gaudium
1207 3252 1270 3311 in
1300 3249 1537 3330 Spiritu
1560 3248 1800 3310 Sancto.
1846 3249 1974 3312 Hic

227 3333 370 3395 satis
408 3333 565 3393 clare
602 3330 781 3391 docet
812 3332 1034 3393 Paulus
1065 3332 1366 3412 justitiam
1397 3331 1800 3392 Christianam
1844 3354 1973 3396 esse

227 3426 430 3477 motus
468 3437 494 3475 s
543 3413 804 3475 irituales
842 3413 1056 3490 cordis,
1083 3435 1205 3475 non
1239 3435 1368 3475 esse
1396 3424 1672 3475 externas
1699 3414 1975 3478 observa-

227 3497 421 3559 tiones
450 3437 748 3569 cissorum,
776 3495 1032 3572 dierum,
1059 3497 1168 3558 διο.

310 3579 543 3642 coloss.
594 3578 658 3641 ii.
707 3577 906 3641 Nemo
925 3578 1174 3662 judicet
1213 3598 1320 3641 vos
1359 3578 1424 3639 in
1466 3577 1616 3655 cibo,
1647 3587 1822 3661 potu,
1861 3588 1975 3643 aut

1648 3771 1681 3784 l
