2418 4172
460 327 533 385 96
1089 330 1582 385 CONFESSIO

461 471 586 566 loni
605 492 745 533 vero
774 471 973 554 poenis
1006 473 1370 556 mancipato,
1394 473 1553 536 sicut
1580 485 1779 535 narrat
1799 474 2012 536 veritas
2033 494 2212 535 evan-⁶

458 553 673 649 gelica,
698 566 952 698 ncegatur
980 552 1053 615 ad
1083 554 1291 700 frptrets
1320 556 1737 701 suogyedittgs:
1818 556 2211 702 τὸοέιιέιῧωω

458 648 1195 801 affimant&
1210 661 1398 783 51:32²
1440 661 1761 784 §5⁸Ji'103e„
1785 660 1849 783 ’ἐι
1881 660 2212 804 mizi?

456 824 576 865 mm
618 803 903 878 audiunt,
936 826 1149 897 neque,
1179 805 1236 866 si
1276 806 1414 888 quis
1455 826 1530 867 ea·
1571 806 1827 867 mortuis
1851 804 2211 879 reem-rexit,

457 886 719 948 credent.
749 886 901 948 Luc.
932 905 1052 948 xvi.

1010 1081 1654 1126 *Φ-

687 1240 791 1301 De
821 1241 1085 1313 Bulbus,
1116 1246 1177 1302 et
1212 1240 1613 1314 Coeremoniis,
1642 1246 1702 1300 et
1730 1237 1979 1300 Mediis.

1189 1410 1467 1475 XXVII.

451 1532 799 1619 VETERI
841 1558 1068 1640 populo
1110 1556 1342 1619 traditae
1386 1567 1529 1618 sunt
1571 1555 1880 1637 quondam
1925 1574 2207 1616 mmo·

450 1640 585 1713 nioe,
616 1652 683 1701 ut
807 1639 1062 1722 dagogia
1090 1640 1389 1722 quoedam,
1417 1640 1490 1700 iis
1533 1638 1636 1720 qui
1683 1640 1797 1699 sub
1839 1639 1992 1721 lege,
2017 1635 2202 1699 veluti

449 1724 564 1784 sub
594 1746 636 1806 p
732 1744 846 1805 ago
889 1747 927 1783 ο
954 1734 1017 1783 et
1044 1734 1243 1784 tutore
1271 1721 1533 1805 quodam
1565 1721 2078 1793 custodiebantur,
2098 1717 2203 1781 sed

450 1805 807 1867 adveniente
892 1806 1082 1867 hristo
1122 1806 1457 1880 liberatore,
1485 1805 1739 1888 legeque
1777 1803 2030 1877 sublata,
2057 1801 2207 1864 fide-

450 1889 536 1950 les
580 1890 696 1950 sub
742 1889 874 1971 lege
921 1888 1181 1972 amplius
1228 1910 1351 1949 non
1397 1909 1627 1960 sumus,
1664 1886 2204 1971 disparueruntque

449 1971 860 2033 caeremonioe:
902 1993 1053 2053 quas
1098 1971 1160 2033 in
1201 1971 1456 2033 ecclesia
1484 1970 1712 2031 Christi
1757 1969 1909 2031 adeo
1950 1968 2205 2029 retinere

449 2066 556 2116 aut
583 2076 855 2138 reparare
885 2055 1207 2116 noluerunt
1235 2053 1509 2138 apostoli,
1536 2065 1606 2113 ut
1635 2063 1840 2135 aperte
1867 2050 1991 2111 sint
2023 2060 2208 2112 testa·

449 2138 493 2198 ti
526 2158 589 2198 se
619 2137 852 2199 nullum
883 2159 1036 2197 onus
1064 2136 1220 2198 velle
1247 2137 1561 2220 imponere
1590 2134 1876 2196 ecclesiae.
1947 2130 2204 2195 Proinde

446 2219 836 2281 Judaismum
866 2219 1206 2280 videremur
1232 2218 1517 2282 reducere
1547 2228 1652 2280 aut
1684 2218 2018 2291 restituere,
2046 2215 2095 2278 si
2139 2214 2202 2277 in

448 2303 701 2365 ecclesia
727 2302 977 2376 Christi,
1007 2303 1081 2363 ad
1115 2324 1345 2363 morem
1374 2302 1589 2364 veteris
1616 2300 1904 2374 ecclesiae,
1923 2317 2205 2361 ceremoa

448 2387 576 2447 nias
605 2387 829 2448 ritusve
859 2385 1420 2468 multiplicaremus.
1493 2383 1763 2464 Ideoque
1803 2381 2056 2443 minime
2096 2402 2205 2464 ap-

446 2470 775 2551 probamus
818 2489 1024 2528 eorum
1071 2467 1454 2541 sententiam,
1482 2466 1703 2550 quibus
1732 2466 1928 2526 visum
1971 2474 2066 2525 est
2104 2485 2204 2524 eo-

447 2551 689 2612 clesiam
739 2550 965 2611 Christi
1020 2550 1287 2612 cohiberi
1339 2562 1636 2644 oportere,
1688 2570 1798 2610 ceu
1848 2546 2203 2631 pedagogia

490 2633 733 2707 uadam,
763 2633 972 2694 multis
1012 2633 1309 2715 variisque
1351 2633 1585 2695 ritibus.
1668 2630 1835 2692 Nam
1878 2629 1929 2692 si
1971 2630 2201 2714 populo

505 2716 794 2779 hristiano
844 2716 1094 2800 apostoli
1148 2716 1532 2778 caeremonias
1573 2714 1667 2775 vel
1716 2714 1867 2775 ritus
1909 2712 2200 2775 divinitus

444 2798 698 2862 traditos
726 2800 812 2861 im
899 2821 1039 2860 nere
1067 2799 1408 2874 noluerunt,
1482 2797 1572 2859 uis
1607 2818 1714 2858 oro
1756 2818 1915 2858 sanoe
1957 2794 2201 2869 mentis,

446 2881 728 2944 obtrudet
773 2881 860 2943 ili
909 2881 1358 2943 adinventiones
1407 2904 1439 2942 a
1488 2881 1758 2942 inventas
1810 2878 2200 2942 humanitus?

446 2967 696 3036 Quanto
744 2965 937 3049 magis
990 2964 1220 3027 accedit
1261 2964 1509 3026 cumulo
1551 2964 1777 3025 rituum
1822 2963 1886 3024 in
1927 2961 2206 3038 ecclesia„

446 3059 618 3110 tanto
646 3049 839 3132 magis
868 3047 1204 3110 detrahitur
1231 3070 1352 3109 non
1383 3058 1619 3109 tantum
1652 3045 1910 3107 libertati
1940 3043 2199 3106 ebrioth»

446 3153 594 3206 anae,
637 3130 741 3194 sed
785 3142 848 3193 et
890 3131 1138 3192 Christo
1178 3142 1241 3193 et
1283 3130 1412 3212 ejus
1457 3130 1632 3192 fidei:
1676 3128 1821 3190 dum
1868 3128 2086 3223 vulgus
2126 3148 2199 3190 ea

489 3215 659 3276 uaerit
710 3214 772 3276 in
824 3214 1058 3288 ritibus,
1094 3236 1229 3296 quae
1276 3226 1568 3297 quoereret
1607 3213 1669 3274 in
1709 3210 1839 3273 solo
1877 3210 1998 3274 Dei
2040 3208 2199 3272 Filio

443 3236 593 3357 jesu
617 3297 864 3359 Christo
891 3318 1001 3382 per
1027 3296 1233 3359 fldem.
1292 3296 1616 3359 Sufficiunt
1638 3295 1718 3357 ita
1763 3316 1841 3356 ue
1859 3293 1979 3390 piis
1999 3289 2196 3377 pauci,

447 3379 758 3456 moderati,
785 3380 1111 3464 simplices,
1132 3402 1243 3442 nec
1273 3380 1450 3442 alieni
1483 3402 1517 3441 a
1545 3380 1729 3441 verbo
1905 3375 2056 3439 ritus

529 3462 708 3532 Quod
757 3464 804 3524 si
855 3463 918 3525 in
960 3462 1227 3526 ecclesiis
1277 3463 1545 3548 dispares
1595 3459 1980 3524 inveniuntur
2025 3454 2195 3531 ritus,

447 3560 628 3604 nemo
655 3545 934 3607 ecclesias
963 3546 1272 3609 existimet
1298 3567 1372 3608 ex
1403 3567 1478 3607 eo
1505 3567 1634 3607 esse
1654 3540 2026 3605 dissidentes.
2083 3537 2194 3601 So-

445 3636 653 3700 entes,
681 3626 1120 3709 “Impossibile
1164 3629 1392 3703 fuerit,”
1432 3627 1649 3708 inquit,
1687 3631 1727 3661 ‘⁸
1747 3643 1959 3686 omnes
1999 3621 2192 3684 eccle-
