2418 4172
446 361 559 417 884
1079 359 1560 414 CONFESSIO

443 501 788 588 praescripto
816 512 1204 564 sacrosanctae
1231 524 1353 563 suae
1374 501 1698 563 voluntatis
1727 500 1811 563 ita
1837 501 2072 564 assidue
2099 524 2191 564 re-

615 597 677 647 et
713 586 1062 668 gubernare,
1090 596 1159 646 ut
1187 584 1339 645 nihil
1371 585 1429 645 in
1463 584 1579 645 boc
1609 583 1838 645 mundo
1866 584 2092 666 absque
2118 585 2192 647 il-

444 607 583 730 ffi
605 668 844 730 decreto
898 679 959 728 et
1004 667 1380 729 ordinatione
1435 668 1782 749 contingat:
1838 688 2187 749 quanquam

443 752 615 814 Deus
656 752 948 812 malorum
989 772 1122 832 quae
1153 751 1213 811 in
1246 751 1361 812 hoc
1400 750 1629 811 mundo
1668 749 1964 820 accidunt,
1995 770 2192 832 neque

445 846 669 909 auctor,
699 855 895 915 neque
925 855 1058 894 reus
1087 834 1204 894 dici
1235 834 1442 917 possit.
1525 834 1679 894 Tam
1726 834 1844 894 late
1880 833 2044 894 enim
2085 853 2194 917 pa.-

444 927 533 979 tet
586 917 822 978 infinita
878 927 940 977 et
997 916 1615 999 incomprehensibilis
1672 917 1853 989 illius,
1895 928 2025 977 tum
2083 938 2193 999 po-

441 1000 650 1074 tentia,
678 1011 808 1060 tum
842 998 1095 1073 bonitas,
1124 1013 1196 1060 ut
1222 1011 1369 1060 tunc
1397 999 1578 1060 etiam
1611 1020 1811 1082 opera,
1834 1011 1896 1060 et
1924 998 2190 1063 actiones

444 1104 579 1144 suas
609 1093 815 1142 sancte
843 1091 904 1140 et
922 1080 1087 1160 juste
1119 1081 1399 1142 decernat
1433 1093 1495 1143 et
1533 1094 1883 1162 exequatur,
1909 1102 2099 1163 quum
2130 1093 2193 1143 et

442 1163 741 1226 Diabolus
780 1173 841 1222 et
880 1162 1051 1244 impii
1091 1162 1309 1243 injuste
1338 1175 1546 1245 agunt.
1632 1165 2026 1259 Quoecunque
2051 1185 2193 1226 vero

442 1247 545 1307 ille
584 1245 709 1327 agit
751 1244 1084 1305 humanum
1124 1257 1371 1328 captum
1407 1242 1777 1316 excedentia,
1805 1245 1883 1306 de
1920 1246 1993 1307 iis
2020 1246 2193 1309 nolu-

445 1350 579 1389 mus
636 1327 866 1389 curiose
914 1339 975 1387 et
1020 1349 1199 1410 supra
1247 1338 1518 1388 nostrum
1577 1340 1821 1410 captum
1876 1327 2194 1409 inquirere,

443 1410 719 1491 quinimo
759 1421 1002 1484 secreta,
1021 1409 1188 1490 justa
1229 1422 1434 1471 tamen
1462 1410 1582 1470 Dei
1614 1410 1847 1490 judicia
1886 1410 2195 1473 humiliter

441 1506 502 1554 et
558 1505 893 1554 reverenter
948 1492 1280 1554 adoramus.
1367 1492 1602 1554 Sufficit
1657 1493 1817 1554 enim
1877 1494 2051 1555 nobis
2097 1497 2195 1572 (ut

441 1576 667 1637 Christi
726 1575 1063 1658 discipulis)
1122 1599 1192 1637 ea
1246 1575 1542 1637 duntaxat
1588 1575 1817 1637 discere
1873 1598 2009 1658 quoe
2063 1576 2193 1660 ipse

440 1660 623 1720 'verbo
667 1681 774 1719 suo
818 1681 926 1718 nos
969 1658 1166 1730 docet,
1197 1681 1394 1740 neque
1433 1659 1542 1719 hos
1582 1661 1734 1720 fines
1777 1659 2071 1720 transilire
2100 1659 2190 1720 fas

440 1763 569 1803 esse
597 1740 894 1802 ducimus.
970 1741 1125 1802 Haec
1154 1763 1294 1802 vero
1322 1741 1591 1802 doctrina
1622 1743 1981 1803 immensam
2014 1743 2191 1804 nobis

440 1824 633 1885 adfert
682 1824 1190 1902 consolationem„
1258 1823 1358 1884 Ex
1410 1824 1510 1885 illa
1559 1824 1719 1886 enim
1767 1825 2189 1907 cognoscimus

439 1907 592 1968 nihil
651 1906 823 1967 nobis
882 1906 1131 1967 fortuito
1186 1906 1552 1988 contingere,
1585 1906 1687 1967 sed
1745 1908 1951 1968 omnia
2000 1908 2191 1970 Patris

441 1990 624 2051 nostri
661 1988 924 2050 coelestis
953 1990 1279 2062 voluntate,
1301 1989 1404 2070 qui
1436 2010 1546 2070 pro
1574 1988 1749 2049 nobis
1777 2010 1916 2050 vere
1943 2002 2191 2072 paterna

440 2094 580 2134 cura
623 2072 904 2145 excubat,
930 2072 1138 2132 omnia
1179 2072 1290 2132 sibi
1338 2070 1578 2132 subdita
1624 2071 1869 2147 babens,
1898 2073 1981 2133 ita
2018 2084 2087 2135 ut
2113 2094 2191 2134 ne

438 2155 596 2239 pilus
628 2153 872 2235 quidem
905 2154 1117 2236 capitis
1146 2154 1331 2215 nostri
1357 2154 1487 2234 (qui
1512 2175 1723 2215 omnes
1753 2154 1826 2216 ad
1853 2178 2046 2217 unum
2078 2177 2192 2218 nu·

440 2237 651 2299 merati
692 2240 857 2317 sunt)
899 2238 1092 2311 evelli,
1124 2260 1235 2299 nec
1273 2237 1562 2298 minimus
1603 2238 1976 2321 passerculus
2016 2238 2187 2300 humi

437 2320 669 2394 cadere,
711 2321 839 2380 sine
891 2320 1082 2381 Patris
1141 2321 1327 2381 nostri
1377 2321 1707 2395 voluntate,
1756 2322 1961 2404 possit.
2048 2322 2190 2384 Istis

439 2404 642 2484 itaque
672 2403 912 2485 penitus
942 2403 1396 2484 acquiescimus,
1419 2416 1808 2485 agnoscentes
1831 2405 2034 2466 Deum
2065 2405 2191 2466 dia*

440 2487 610 2546 bolos
651 2498 712 2546 et
748 2485 1024 2546 inimicos
1066 2497 1298 2546 nostros
1341 2508 1553 2546 omnes
1595 2487 1779 2547 veluti
1822 2487 2071 2548 habenis
2106 2488 2191 2549 ita

437 2568 715 2629 fraenatos
759 2568 1082 2642 continere,
1113 2580 1181 2629 ut
1219 2569 1345 2628 sine
1388 2569 1573 2651 ipsius
1603 2569 1911 2631 voluntate
1939 2582 2003 2632 et
2033 2571 2190 2632 bona

437 2650 630 2723 venia,
662 2650 887 2711 nemini
920 2663 1187 2711 nostrum
1222 2672 1434 2711 nocere
1463 2651 1716 2713 valeant.
1789 2652 1874 2713 Et
1907 2653 2024 2715 hoc
2052 2654 2189 2716 loco

436 2732 848 2795 detestandam
882 2732 1315 2816 Epicureorum
1352 2733 1699 2816 opinionem
1732 2735 2053 2817 rejicimus,
2080 2735 2188 2819 qui

438 2816 644 2877 Deum
697 2815 980 2889 otiosum,
1022 2827 1084 2877 et
1129 2816 1278 2877 nihil
1327 2829 1626 2899 agentem,
1668 2818 1995 2901 omniaque
2042 2816 2185 2881 sorti

437 2898 942 2970 committentem,
1000 2900 1323 2961 finxerunt.
1408 2900 1547 2963 Act.
1590 2901 1756 2962 xxiii.
1789 2913 1845 2963 8.
1900 2902 2080 2965 Joan.
2126 2924 2185 2965 v.

446 2993 535 3058 17.
584 2981 745 3043 Heb.
787 2981 823 3042 i.
862 2992 923 3043 3.
966 2982 1199 3044 Prover.
1231 2984 1349 3044 xvi.
1380 2995 1438 3043 4.
1476 2984 1693 3045 Jacob.
1724 2984 1800 3045 iv.
1839 2997 1932 3048 15.
1972 2985 2118 3047 Job.
2147 2985 2187 3047 i.

438 3077 536 3126 21.
574 3078 610 3126 2
644 3063 796 3147 Reg.
824 3063 928 3126 xii.
961 3078 1057 3127 20.
1087 3067 1223 3127 Act.
1254 3065 1328 3127 iv.
1362 3078 1461 3128 2s.
1500 3079 1522 3128 1
1562 3067 1725 3128 Sam.
1747 3067 1868 3130 viii.
1904 3080 2001 3131 25.
2030 3068 2186 3131 Pul.

435 3169 568 3208 cxv.
605 3158 666 3209 3.
715 3147 832 3209 Isa.
869 3147 990 3209 xlv.
1019 3157 1081 3224 7.
1123 3147 1315 3210 Amos
1345 3149 1427 3210 iii.
1457 3148 1516 3211 6.
1567 3150 1751 3212 Deut.
1783 3151 1908 3212 xix.
1938 3162 1995 3213 5.
2044 3151 2185 3213 Pro-

436 3251 555 3291 ver.
595 3229 715 3292 xxi.
759 3242 810 3292 l.
854 3229 1006 3292 Psal.
1050 3252 1139 3293 ον.
1183 3243 1280 3294 25.
1329 3232 1445 3293 lsa.
1475 3255 1536 3294 x.
1568 3245 1626 3295 5.
1671 3246 1707 3294 2
1736 3233 1949 3296 Thess.
1985 3234 2044 3295 ii.
2090 3245 2182 3296 11.

435 3313 663 3374 Ezech.
691 3313 796 3374 xli.
824 3325 882 3389 9.
916 3312 1097 3376 Rom.
1128 3314 1166 3375 i.
1198 3314 1297 3377 26.
1334 3327 1357 3376 1
1387 3315 1537 3399 Reg.
1562 3317 1642 3378 xi.
1669 3328 1765 3379 23.
1797 3316 1954 3380 Gen.
1980 3316 2099 3379 xlv.
2121 3325 2179 3376 8.

434 3407 494 3456 ct
524 3395 560 3456 1.
587 3409 684 3456 20.
717 3410 752 3456 2
778 3395 943 3457 Sam.
975 3397 1095 3458 xvi.
1133 3410 1227 3458 ιο.
1260 3398 1441 3460 Matt.
1474 3400 1593 3461 viii.
1621 3412 1722 3461 31.
1761 3414 1782 3462 1
1811 3400 1992 3461 ὅσου.
2014 3396 2095 3458 iii.
2118 3406 2177 3457 s.

516 3478 688 3539 XIV.
733 3479 1052 3540 Credimus
1091 3480 1295 3542 Deum
1343 3502 1418 3542 ex
1467 3482 1614 3543 limo
1656 3494 1823 3544 terrae
1866 3476 2174 3542 hominem

434 3558 506 3618 ad
540 3560 865 3642 imaginem
898 3584 1088 3634 suam,
1122 3564 1346 3625 bonum
1379 3563 1623 3635 scilicet,
1641 3564 1876 3644 justum
1907 3581 1979 3621 ac
2006 3581 2178 3622 sanc·

433 3652 563 3701 tum
605 3664 852 3717 creasse,
880 3645 984 3723 qui
1026 3646 1269 3728 proprio
1311 3646 1556 3707 arbitrio
1592 3666 1760 3706 suam
1798 3642 2172 3705 voluntatem

2397 3183 2418 3235 ‚⁴
