2418 4172
492 334 598 385 228
1138 329 1624 386 CONFESSIO

497 474 657 536 idem
690 495 946 535 canones
971 488 1029 549 9.
1053 473 1277 534 Distin.
1323 474 1505 534 Porro
1527 484 1735 534 contra
1755 474 2108 556 scripturam
2130 483 2242 546 est,

495 556 842 619 traditiones
884 555 1138 617 condere
1181 567 1286 617 aut
1326 556 1584 638 exigere,
1612 566 1682 616 ut
1720 576 1828 638 per
1869 576 2002 616 eam
2041 556 2241 617 obser*

494 639 797 700 vationem
839 661 1175 700 mereamur
1202 639 1612 699 remissionem
1645 649 2030 721 peccatorum
2059 649 2123 699 et
2150 658 2242 699 sa·b

496 721 862 782 tisfaciamus
900 744 1008 805 pro
1044 722 1321 805 peccatis.
1406 720 1675 782 Laeditur
1702 721 1864 781 enim
1896 719 2086 802 gloria
2114 740 2241 780 me-

498 803 593 864 riti
642 804 889 876 Christi,
936 826 1074 864 cum
1124 805 1342 865 talibus
1393 804 1904 864 observationibus
1956 822 2245 863 conamur

499 886 710 947 mereri
756 886 1165 947 remissionem
1212 904 1592 968 peccatorum
1634 899 1693 946 et
1723 885 2241 965 justificationem.

497 968 748 1029 Constat
779 981 977 1029 autem
1056 980 1254 1051 ropter
1284 969 1439 1029 banc
1470 969 1937 1050 persuasionem,
1961 968 2020 1028 in
2051 966 2245 1028 eccle-

496 1051 584 1111 sia
626 1073 779 1132 pene
824 1051 884 1109 in
928 1050 988 1110 in
1039 1051 1232 1111 nitum
1272 1052 1524 1111 crevisse
1562 1050 1930 1123 traditiones,
1957 1070 2244 1133 oppressa

497 1132 733 1193 interim
766 1131 1038 1192 doctrina
1066 1132 1143 1192 de
1165 1131 1283 1191 fide
1305 1144 1367 1191 et
1378 1132 1613 1211 justitia
1635 1133 1797 1206 fidei,
1819 1133 1960 1213 quia
1989 1131 2243 1193 subinde

495 1215 696 1296 plures
739 1214 901 1274 feriae
943 1214 1115 1274 factae
1158 1225 1317 1286 sunt,
1334 1213 1570 1293 jejunia
1611 1213 1856 1287 indicta,
1887 1213 2243 1276 ceremoniae

495 1318 685 1369 novae‚
724 1297 862 1356 novi
911 1296 1167 1356 honores
1214 1307 1557 1356 sanctorum
1602 1296 1861 1356 instituti
1905 1306 2066 1370 sunt,
2145 1295 2245 1356 uia

496 1378 938 1439 arbitrabantur
974 1400 1037 1438 se
1076 1389 1311 1438 autores
1346 1378 1558 1438 talium
1591 1398 1809 1452 rerum,
1838 1378 1934 1438 his
1960 1377 2126 1460 operi
2174 1397 2244 1438 us

496 1461 709 1522 mereri
754 1461 1165 1522 remissionem
1212 1472 1594 1543 peccatorum
1636 1472 1697 1521 et
1723 1459 2242 1541 justificationem.

494 1543 596 1604 Sic
639 1543 782 1604 olim
829 1554 1144 1605 creverunt
1183 1565 1442 1604 canones
1488 1543 1956 1626 poenitentiales,
1984 1563 2242 1625 quorum

496 1625 695 1687 adhuc
754 1627 812 1687 in
873 1626 1376 1687 satisfactionibus
1432 1626 1683 1708 vestigia
1738 1626 2015 1707 quoedam
2079 1624 2245 1686 vide·

497 1730 649 1768 mus.

578 1790 738 1851 Item
783 1790 1053 1873 plerique
1091 1789 1406 1872 scriptores
1445 1791 1685 1871 fingunt
1723 1790 1786 1851 in
1821 1789 2003 1851 Novo
2035 1789 2246 1851 Testa-

496 1883 704 1934 mento
737 1884 1010 1956 oportere
1039 1872 1269 1933 cultum
1302 1871 1562 1932 similem
1591 1894 1720 1933 esse
1747 1872 2042 1947 Levitico,
2070 1872 2243 1952 cujus

493 1955 928 2016 ordinationem
974 1954 1342 2015 commiserit
1375 1954 1547 2014 Deus
1590 1955 1876 2037 apostolis
1913 1966 1978 2016 et
2013 1955 2246 2037 episco-

539 2038 609 2098 is.
693 2037 780 2098 Et
812 2036 1090 2097 videntur
1117 2036 1228 2096 scri
1276 2046 1432 2096 tores
1462 2037 1744 2119 exemplo
1771 2036 1921 2119 legis
1951 2036 2246 2099 Mosaicoe

493 2060 709 2202 decipi,
732 2120 901 2200 quasi
921 2118 1159 2199 justitia
1187 2058 1350 2179 bliwi
1373 2118 1746 2180 Testamenti
1775 2120 1853 2180 sit
1872 2131 2119 2181 externa
2138 2120 2246 2181 ob—

494 2202 749 2263 servatio
779 2214 1075 2263 certorum
1106 2202 1358 2276 rituum,
1390 2202 1544 2262 sicut
1563 2202 1802 2282 justitia
1825 2202 1972 2285 legis
1991 2214 2121 2264 erat
2138 2225 2247 2264 ex·

492 2296 662 2346 terna
703 2284 1040 2345 observatio
1082 2295 1382 2345 certorum
1425 2284 1672 2346 rituum.
1759 2286 1931 2347 Sicut
1962 2285 2149 2368 igitur
2180 2286 2242 2347 in

494 2368 628 2450 lege
656 2380 970 2451 peccatum
1002 2378 1129 2427 erat
1155 2366 1330 2427 edere
1362 2367 1598 2428 suillam
1630 2389 1894 2442 carnem,
1921 2370 2031 2429 διο.
2063 2368 2148 2429 ita
2180 2368 2241 2428 in

491 2450 672 2511 Novo
712 2450 1107 2510 Testamento
1148 2449 1447 2510 collocant
1489 2461 1806 2532 peccatum
1855 2449 1917 2509 in
1965 2449 2138 2523 cibis,
2181 2450 2242 2511 in

493 2531 725 2602 diebus,
756 2532 817 2591 in
848 2534 1087 2605 vestitu,
1116 2543 1178 2592 et
1205 2531 1502 2592 similibus
1525 2533 1718 2592 rebus.
1788 2531 1874 2592 Et
1892 2532 2244 2594 existimant

494 2614 623 2675 sine
663 2613 758 2674 his
794 2615 969 2674 rebus
988 2613 1288 2693 justitiam
1318 2613 1482 2675 Novi
1510 2614 1884 2675 Testamenti
1914 2635 2036 2676 non
2066 2635 2244 2709 posse

493 2697 765 2758 existere.
854 2696 1024 2758 Hinc
1057 2707 1198 2757 sunt
1229 2696 1331 2757 illa
1365 2718 1564 2770 onera,
1594 2696 1756 2779 quod
1786 2698 1930 2758 certi
1961 2697 2082 2759 cibi
2112 2697 2246 2782 pol·—

493 2779 665 2841 luant
706 2779 1157 2854 conscientiam,
1186 2778 1348 2860 quod
1395 2781 1569 2841 horas
1609 2780 1926 2841 canonicas
1962 2780 2244 2843 omittere

494 2861 571 2922 sit
620 2862 872 2923 mortale
921 2874 1257 2944 peccatum,
1300 2862 1475 2943 quod·
1501 2862 1734 2943 jejunia
1775 2874 2118 2924 mereantur
2151 2884 2244 2924 re-

494 2944 843 3006 missionem
884 2955 1288 3028 peccatorum,
1317 2945 1480 3027 quod
1511 2946 1631 3007 sint
1659 2946 1990 3007 necessaria
2018 2945 2093 3007 ad
2112 2944 2245 3026 jus-

492 3026 688 3088 titiam
722 3026 882 3089 Novi
911 3026 1304 3102 Testamenti,
1333 3027 1495 3108 quod
1530 3041 1846 3123 peccatum
1878 3028 1941 3090 in
1970 3049 2113 3091 casu
2154 3050 2245 3090 re-

493 3122 725 3171 servato
767 3131 890 3171 non
933 3110 1124 3193 possit
1168 3111 1414 3186 remitti,
1445 3112 1559 3172 nisi
1600 3110 1914 3173 accesserit
1955 3111 2241 3173 autoritas

492 3193 864 3268 reservantis,
891 3214 1031 3254 cum
1064 3192 1310 3274 quidem
1342 3195 1456 3277 ipsi
1488 3216 1749 3256 canones
1776 3206 2018 3257 tantum
2048 3194 2126 3255 de
2149 3213 2241 3254 re-

492 3275 824 3336 servatione
863 3296 1062 3359 poenae
1091 3277 1399 3339 canonicoe
1428 3277 1768 3358 loquantur,
1797 3299 1920 3339 non
1947 3275 2025 3338 de
2052 3295 2237 3337 maer·

492 3358 732 3419 vatione
760 3359 973 3442 culpoe.

578 3439 759 3502 Unde
802 3441 1028 3503 babent
1057 3442 1162 3522 jus
1205 3443 1470 3526 episcopi
1518 3443 1625 3504 has
1662 3441 2009 3504 traditiones
2042 3438 2239 3522 impo-

496 3522 676 3583 nendi
718 3524 983 3585 ecclesiis
1027 3524 1101 3585 ad
1146 3525 1473 3607 gravandas
1515 3520 1950 3586 conscientias?
2006 3519 2238 3583 Extant
