2418 4172
773 658 1204 759 *EDICTUM
1254 659 1970 735 IMPERATORIUM,

507 822 610 883 De
638 845 707 920 ⁶0,
731 826 981 921 quinam
1016 824 1276 885 habendi
1313 825 1455 895 sint,
1485 824 1586 921 ”fl
1627 825 1950 896 Catholici,
1977 824 2084 898 nel
2106 824 2262 887 Ha:-

583 915 779 968 retecr.
866 908 968 968 Ea·
1004 907 1148 968 Cod.
1176 906 1529 968 «sustineam
1574 907 1863 989 Imperat.
1894 917 1952 970 et
1987 906 2261 990 Tripuri.

592 989 763 1051 Hist.
794 989 894 1051 lib.
928 990 1007 1050 ix.
1041 1013 1171 1071 cap.
1203 1001 1260 1064 7.

508 1160 748 1240 IMPP.
810 1178 1153 1252 Gratianus,
1211 1178 1690 1254 Valentinianus,
1746 1192 1807 1239 et
1863 1178 2262 1253 Theodosius,

502 1261 658 1341 Aug.
707 1261 938 1343 Populo
984 1261 1145 1321 urbis
1196 1260 1903 1343 Constantinopolitanae.
1990 1261 2260 1323 Cunctos

501 1343 776 1424 populos,
806 1364 956 1423 quos
993 1342 1330 1403 clementiae
1370 1354 1590 1403 nostrae
1631 1343 1782 1424 regit
1821 1344 2168 1427 imperium,
2198 1345 2259 1404 in

500 1446 569 1485 ea
614 1425 893 1485 volumus
938 1425 1225 1507 religione
1269 1426 1504 1494 versari,
1551 1447 1733 1506 quam
1796 1427 2089 1491 Divinum
2149 1424 2261 1488 Pe-

472 1520 658 1568 ·trum
706 1508 1072 1590 Apostolum
1120 1507 1432 1568 tradidisse
1478 1507 1772 1569 Romanis
1817 1510 2028 1591 religio
2066 1530 2259 1592 usque
2303 1568 2308 1578 ,

498 1612 663 1651 nunc
708 1592 784 1651 ab
825 1591 956 1672 ipso
1000 1591 1299 1651 insinuata
1344 1590 1627 1667 declarat,
1655 1614 1963 1674 quamque
2008 1593 2260 1654 Pontifi-

500 1694 630 1734 cem
663 1672 1001 1733 Damasum
1036 1673 1204 1753 sequi
1245 1674 1451 1744 claret,
1481 1686 1543 1733 et
1584 1675 1826 1735 Petrum
1875 1675 2259 1736 Alexandriae

501 1754 899 1839 Episcopum,
930 1755 1121 1816 virum
1165 1756 1532 1839 Apostolicae
1574 1757 1943 1818 sanctitatis:
1991 1758 2107 1819 hoc
2145 1771 2258 1830 est,

500 1852 565 1900 ut
590 1837 921 1900 secundum
947 1839 1359 1921 Apostolicam
1386 1838 1768 1934 disciplinam
1796 1839 2257 1924 Evangelicam·

499 1943 618 2003 que
662 1921 1019 1994 doctrinam,
1064 1922 1274 1995 Patris,
1319 1934 1381 1982 et
1425 1920 1585 1995 Filii,
1628 1936 1690 1983 et
1732 1923 1991 2004 Spiritus
2030 1924 2257 1995 Sancti,

501 2026 683 2066 unam
715 2004 1178 2077 Deitatem,sub
1208 2004 1334 2087 pari
1360 2004 1703 2085 Majestate,
1722 2020 1781 2066 et
1804 2007 1919 2067 sub
1984 2007 2040 2068 ia
2058 2006 2258 2067 Trini-

500 2099 643 2162 tate,
671 2086 1003 2149 credamus,
1072 2086 1256 2147 Hanc
1285 2087 1483 2169 legem
1516 2101 1855 2169 sequentes,
1882 2028 2259 2150 Cliristiano-

500 2192 631 2231 rum
685 2169 1141 2232 catholicorum
1189 2191 1410 2232 nomen
1453 2167 1743 2251 jubemus
1789 2171 2110 2255 amplecti:
2167 2194 2260 2234 re-

500 2253 696 2335 liquos
725 2276 866 2315 vero
908 2253 1221 2315 dementes
1251 2274 1641 2334 vaesanosque
1671 2254 2040 2334 judicantes,
2068 2255 2258 2316 haere-

499 2337 600 2398 tici
652 2336 953 2420 dogmatis
1003 2336 1315 2397 infamiam
1374 2336 1686 2409 sustinere,
1729 2335 1931 2398 divina
1989 2338 2254 2421 primum

501 2419 780 2493 vindicta,
824 2431 962 2502 post
1009 2418 1191 2480 etiam
1251 2429 1420 2480 motu
1465 2418 1651 2479 animi
1698 2421 1905 2494 nostri,
1948 2438 2131 2502 quem
2178 2443 2254 2483 ex

500 2503 732 2563 coelesti
794 2502 1038 2563 arbitrio
1095 2500 1549 2596 sumpserimus,
1600 2501 1828 2563 ultione
1930 2502 2254 2566 lectendos.

500 2584 664 2646 Data
691 2597 749 2647 3.
782 2584 1020 2645 kalend.
1058 2585 1313 2645 Martias
1351 2585 1822 2661 Thessalonicae,
1922 2586 2153 2648 ratiano
2196 2601 2252 2649 5.

499 2667 739 2729 Valent.
770 2678 831 2728 et
858 2666 1091 2728 Theod.
1122 2667 1281 2750 Aug.
1312 2668 1481 2728 Coss.

584 2750 889 2812 Caeterum
937 2749 1304 2832 Evangelica
1347 2762 1408 2812 et
1451 2751 1800 2833 Apostolica
1845 2753 2093 2814 historia
2137 2775 2254 2814 una

502 2853 643 2895 cum
691 2848 726 2896 2
773 2833 900 2895 Pet.
942 2832 1234 2917 Epistolis
1278 2833 1500 2895 docent
1558 2856 1687 2908 nos,
1730 2835 1976 2917 qualem
2019 2835 2256 2919 religio-

501 2938 639 2979 nem
674 2918 738 2978 S.
761 2917 970 2978 Petrus
1000 2916 1328 2999 Apostolus
1369 2915 1676 2978 tradiderit
1714 2918 1999 2981 omnibus
2041 2918 2255 2982 Eccle-

502 2997 603 3061 siis
647 3022 754 3084 per
800 3000 1093 3061 orientem
1141 3011 1202 3060 et
1242 2999 1640 3073 occidentem,
1670 3001 1894 3063 nedum
1937 3000 2253 3063 Romanae.

503 3081 681 3144 Fides
711 3088 851 3144 vei-o
879 3094 940 3144 et
969 3081 1241 3144 doctrina
1271 3082 1523 3146 Damasi
1568 3083 1894 3159 pontificis,
1922 3085 2117 3166 qualis
2161 3085 2256 3147 fu-

502 3166 632 3239 erit,
659 3165 1034 3247 colliquescit
1064 3188 1137 3227 ex
1172 3166 1359 3250 ipsius
1389 3166 1703 3249 Symbolo.
