2418 4172
453 328 560 384 156
1083 329 1571 384 CONFESSIO

451 470 614 566 quod
658 469 833 532 liceat
875 470 1173 554 episcopis
1216 493 1320 533 seu
1363 472 1703 555 pastoribus
1742 472 1935 534 facere
1962 472 2202 535 ordina-

451 566 662 629 tiones,
691 564 761 615 ut
786 575 878 614 res
907 553 1116 615 ordine
1142 564 1424 637 gerantur
1453 554 1514 615 in
1544 553 1816 629 ecclesia,
1846 577 1967 616 non
1998 567 2069 617 ut
2093 577 2203 639 per

450 637 580 699 illas
610 658 947 698 mereamur
973 637 1247 719 gratiam,
1268 648 1372 698 aut
1394 636 1827 698 satisfaciamus
1859 659 1967 719 pro
1988 659 2203 721 peccae

448 720 546 795 tis,
575 730 679 781 aut
717 719 1062 802 obligentur
1101 719 1502 793 conscientiae,
1533 732 1601 781 ut
1628 719 1907 800 judicent
1940 741 2070 781 esse
2095 742 2204 782 ne·

449 802 732 864 cessarios
761 802 980 876 cultus,
1008 823 1079 863 ac
1107 803 1369 864 sentiant
1398 824 1460 862 se
1565 824 1755 878 ccare,
1784 823 1924 863 cum
1957 801 2087 863 sine
2111 802 2204 864 of-

448 885 720 947 fensione
749 884 1000 945 aliorum
1029 885 1276 946 violant.
1363 885 1466 946 Sic
1487 824 1719 946 {ulus
1748 884 2004 959 ordinat,
2033 895 2103 946 ut
2136 884 2201 946 in

449 967 912 1051 congregatione
951 967 1230 1028 mulieres
1268 967 1471 1028 velent
1507 969 1725 1051 capita,
1756 979 1824 1029 ut
1857 966 2066 1028 ordine
2094 989 2201 1029 au·

453 1049 693 1112 diantur
720 1050 783 1110 in
812 1049 1064 1110 ecclesia
1092 1049 1465 1132 interpretes,
1492 1061 1605 1111 etc.

530 1133 710 1193 Tales
738 1131 1146 1192 ordinationes
1175 1132 1458 1193 convenit
1484 1130 1764 1194 ecclesias
1785 1141 2033 1215 propter
2052 1131 2202 1194 cari-

448 1226 635 1276 tatem
689 1225 751 1275 et
798 1214 1293 1295 tranquillitatem
1345 1234 1576 1275 servare
1624 1225 1890 1288 eatenus,
1924 1236 2002 1276 ne
2049 1214 2201 1276 alius

451 1298 637 1359 alium
690 1295 972 1370 offendat,
1019 1307 1088 1358 ut
1137 1296 1344 1357 ordine
1393 1306 1456 1356 et
1505 1296 1633 1357 sine
1681 1296 1951 1357 tumultu
1994 1294 2204 1358 omnia

449 1382 600 1441 fiant
642 1380 707 1440 in
748 1378 1034 1440 ecclesiis.
1118 1379 1347 1440 Verum
1390 1378 1491 1454 ita,
1520 1401 1598 1439 ne
1639 1377 2023 1439 conscientie
2057 1398 2204 1440 one-

447 1473 671 1536 rentur,
702 1473 771 1523 ut
797 1460 1024 1523 ducant
1051 1484 1143 1523 res
1174 1483 1302 1523 esse
1330 1461 1690 1522 necessarias
1721 1460 1794 1522 ad
1824 1460 2103 1536 salutem,
2130 1482 2203 1524 ac

438 1545 715 1627 judicent
762 1567 826 1605 se
870 1567 1137 1640 peccare,
1165 1566 1303 1607 cum
1359 1544 1584 1606 violant
1633 1565 1733 1605 eas
1776 1543 1905 1605 sine
1946 1543 2199 1605 aliorum

447 1627 790 1702 offensione,
839 1640 996 1689 sicut
1050 1650 1233 1689 nemo
1289 1626 1508 1688 dixerit
1554 1648 1805 1710 peccare
1861 1626 2201 1700 mulierem,

448 1732 584 1855 guae
613 1710 672 1771 in
705 1710 1017 1792 publicum
1047 1732 1171 1772 non
1202 1710 1398 1771 velato
1425 1710 1623 1793 capite
1652 1708 1939 1792 procedit,
1956 1708 2086 1770 sine
2111 1708 2204 1771 of-

475 1793 719 1855 ensione
751 1792 1090 1854 hominum.

531 1876 696 1937 Talis
738 1877 1074 1937 observatio
1116 1875 1234 1937 diei
1273 1875 1607 1949 Dominici,
1639 1875 1962 1958 paschatis,
1990 1886 2203 1958 pente-

450 1971 664 2039 costes,
689 1970 751 2020 et
793 1958 1083 2019 similium
1123 1958 1427 2033 feriarum,
1455 1969 1517 2019 et
1555 1958 1802 2018 rituum.
1889 1957 2054 2018 Nam
2094 1956 2202 2039 qui

440 2042 719 2123 judicant
757 2041 1021 2103 ecclesiae
1066 2041 1402 2114 autoritate,
1432 2061 1542 2123 pro
1575 2040 1826 2100 sabbato
1860 2038 2200 2101 institutam

450 2147 580 2186 esse
608 2123 723 2185 diei
748 2122 1059 2184 Dominici
1090 2123 1587 2197 observationem,
1608 2133 1900 2204 tanquam
1930 2142 2205 2185 necessa-

450 2208 620 2282 riam,
650 2207 827 2288 longe
863 2217 1078 2268 errant.
1166 2205 1474 2288 Scriptura
1512 2205 1822 2287 abrogavit
1862 2205 2206 2280 sabbatum,

451 2313 587 2372 quae
615 2289 794 2351 docet
821 2312 1033 2351 omnes
1062 2289 1430 2350 ceremonias
1460 2288 1780 2359 Mosaicas‚
1808 2298 1948 2370 post
1978 2287 2203 2348 revela·

451 2386 583 2435 tum
615 2373 993 2454 evangelium
1023 2371 1221 2432 omitti
1254 2393 1447 2454 posse.
1532 2370 1617 2431 Et
1644 2382 1848 2431 tamen
1877 2370 2021 2451 quia
2048 2391 2087 2429 o
2130 2391 2202 2431 us

451 2468 580 2518 erat
629 2456 991 2517 constituere
1047 2466 1274 2515 certum
1335 2453 1520 2528 diem,
1563 2464 1631 2514 ut
1687 2453 1865 2514 sciret
1918 2473 2085 2535 popu
2111 2473 2201 2523 us,-

496 2538 695 2600 uando
735 2538 1050 2599 convenire
1088 2537 1350 2607 deberet,
1380 2547 1627 2619 apparet
1668 2534 1980 2596 ecclesiam
2021 2534 2077 2595 ei
2117 2533 2200 2595 rei

452 2561 781 2683 destinasse
823 2620 983 2681 diem
1024 2619 1444 2692 Dominicum,
1473 2619 1577 2699 qui
1625 2619 1706 2679 ob
1752 2618 1908 2679 hanc
1957 2638 2039 2699 qu
2125 2638 2202 2678 ue

452 2725 692 2767 causam
741 2702 980 2764 videtur
1035 2724 1132 2763 ma
1180 2702 1227 2762 is
1278 2700 1590 2784 placuisse,
1633 2712 1700 2762 ut
1755 2700 2045 2761 haberent

454 2787 647 2849 mines
697 2786 1043 2869 exemplum
1092 2724 1448 2846 civristianae
1500 2783 1808 2856 libertatis,
1851 2794 1914 2844 et
1962 2782 2204 2859 scirent,

453 2893 565 2932 nec
595 2869 826 2931 sabbati
857 2890 969 2930 nec
994 2868 1235 2929 alterius
1264 2867 1382 2928 diei
1413 2866 1889 2927 observationem
1932 2886 2205 2927 necessa-

540 2975 600 3014 m
633 2974 782 3014 esse.

453 2976 768 3097 rmExtant
801 3032 1157 3128 prodigiosae
1185 3032 1619 3176 disputationes
1649 3030 1725 3092 de
1754 3030 2088 3093 mutatione
2115 3029 2203 3092 le-

452 3118 563 3200 gis,
590 3118 666 3180 de
702 3117 1055 3179 ceremoniis
1084 3138 1254 3178 novae
1306 3116 1449 3198 egis,
1478 3114 1555 3176 de
1587 3115 1919 3176 mutatione
1947 3111 2204 3188 sabbati,

452 3224 587 3283 quse
643 3221 855 3262 omnes
908 3211 1052 3262 ortae
1109 3210 1251 3261 sunt
1295 3219 1370 3260 ex
1412 3198 1560 3260 falsa
1601 3197 2002 3281 persuasione,
2035 3190 2199 3278 quod

453 3307 491 3345 o
535 3295 726 3346 orteat
772 3283 832 3345 in
879 3282 1128 3344 ecclesia
1169 3282 1400 3343 cultum
1446 3303 1575 3342 esse
1613 3281 1873 3342 similem
1902 3275 2199 3341 Levitico.

513 3378 536 3427 t
574 3366 735 3448 quod
766 3366 1044 3428 Christus
1078 3365 1448 3427 commiserit
1485 3364 1770 3448 apostolis
1807 3374 1870 3424 et
1900 3356 2196 3444 episeopis

454 3450 791 3531 excogitare
834 3471 1016 3510 novas
1058 3448 1446 3523 ceremonias,
1482 3469 1618 3529 quse
1661 3447 1781 3508 sint
1822 3441 1895 3505 ad
1938 3439 2194 3534 sulutem

455 3531 819 3592 necessariae.
909 3531 995 3592 Hi
1053 3553 1275 3592 errores
1331 3552 1394 3592 se
1534 3539 1675 3591 runt
1737 3526 1798 3587 in
1860 3522 2200 3598 eeclesiam,

454 3632 592 3673 cum
615 3612 850 3692 justitia
880 3612 1017 3674 fidei
1050 3635 1173 3674 non
1202 3613 1344 3674 satis
1382 3634 1417 3674 c
1441 3632 1539 3675 are
1571 3609 1902 3671 doceretur.
1986 3603 2197 3687 Aliqui
