2418 4172
857 374 1271 428 BELGICA.
1829 375 1936 430 387

190 523 417 578 aeterno
461 521 571 574 s'uo
615 514 865 576 consilio
910 538 1019 598 pro
1064 516 1323 599 gratuita
1370 535 1477 576 sua
1519 514 1784 573 bonitate
1827 537 1933 596 per

185 595 402 658 Jesum
432 595 743 658 Christum
780 597 1117 659 Dominum
1163 611 1435 659 nostrum
1478 595 1678 678 elegit,
1706 595 1930 675 absque

186 676 316 739 ullo
353 699 603 761 operum
641 679 906 762 ipsorum
939 692 1231 762 respectu.
1313 680 1563 742 Justum
1595 698 1755 750 vero,
1783 677 1928 736 alios

186 757 253 821 in
283 759 386 821 illo
414 783 524 823 suo
553 763 742 843 lapsu,
766 775 828 822 et
858 761 1191 842 perditione
1219 758 1632 840 relinquendo,
1655 758 1716 818 in
1746 780 1928 839 quem

189 863 318 904 sese
345 843 363 903 i
442 842 460 903 i
488 843 824 935 praecipites
851 842 1161 903 dederunt.
1783 863 1792 870 ·

393 924 479 986 Π.
507 923 826 986 Credimus
853 923 1035 985 etiam
1059 925 1264 985 Deum
1296 937 1568 985 nostrum
1593 924 1740 1007 opt.
1760 924 1930 985 Max.

185 1006 402 1088 (quum
433 1019 701 1067 cerneret
730 1006 1062 1082 hominem,
1090 1029 1218 1067 sese
1247 1007 1329 1068 ita
1360 1008 1418 1067 in
1456 1006 1663 1067 mortis
1702 1019 1765 1067 et
1803 1029 1932 1068 cor-

184 1109 382 1174 porae
409 1100 473 1149 et
499 1089 823 1172 spiritualis
842 1088 1289 1151 damnationem
1315 1090 1658 1170 conjecisse,
1678 1100 1739 1149 et
1767 1112 1931 1171 pror-

187 1192 292 1232 sus
319 1170 605 1233 miserum
637 1183 817 1253 atque
847 1172 1236 1234 maledictum
1266 1174 1544 1234 effectum
1569 1175 1727 1250 esse)
1753 1172 1931 1232 mira·

187 1253 297 1316 bili
331 1275 439 1315 sua
477 1266 609 1316 tum
647 1255 958 1337 sapientia,
986 1267 1114 1316 tum
1163 1256 1448 1330 bonitate,
1483 1254 1834 1328 adductum,
1863 1267 1933 1316 ut

190 1334 362 1397 illum
406 1337 513 1398 abs
553 1359 619 1398 se
661 1359 785 1419 prae
829 1337 1046 1399 timore
1087 1338 1438 1419 fugientem,
1465 1350 1527 1399 et
1554 1349 1843 1418 quaereret
1870 1351 1932 1398 et

189 1418 450 1501 benigne
506 1420 949 1490 consolaretur3
1006 1422 1301 1503 promisso
1360 1421 1445 1481 illi
1494 1420 1648 1480 Filio
1697 1442 1807 1481 suo
1853 1442 1930 1481 ex

191 1500 442 1563 muliere
475 1502 792 1577 nascituro,
819 1503 925 1583 qui
964 1504 1255 1585 serpentis
1283 1516 1467 1586 caput
1494 1514 1843 1574 contereret,
1870 1514 1933 1563 et

189 1582 364 1645 illum
393 1582 628 1645 felicem
660 1596 842 1666 atque
871 1586 1115 1646 beatum
1146 1585 1432 1647 redderet.

270 1664 518 1727 XVIII.
543 1666 924 1727 Confitemur
949 1689 1090 1727 vero
1117 1667 1321 1730 Deum
1355 1683 1486 1728 tum
1516 1668 1765 1729 demum
1793 1690 1933 1750 pro-

188 1746 534 1809 missionem
567 1751 590 1825 (
635 1749 862 1810 atribus
891 1771 999 1832 per
1025 1771 1091 1808 os
1122 1762 1463 1811 sanctorum
1500 1750 1928 1831 prophetarum

185 1829 436 1910 factam)
467 1770 828 1912 impi'evisse,
855 1853 1047 1912 quum
1075 1832 1405 1892 constituto
1433 1833 1538 1892 abs
1568 1854 1631 1892 se
1662 1844 1933 1914 tempore

187 1911 413 1975 Filium
460 1912 631 1974 illum
680 1936 854 1975 suum
907 1914 1180 1989 unicum,
1220 1927 1282 1975 et
1325 1926 1619 1975 aeternum
1662 1914 1724 1974 in
1769 1914 1933 1974 hunc

190 1994 488 2057 mundum
535 1996 736 2056 misit:
787 1996 890 2076 qui
933 1996 1187 2057 formam
1234 1997 1383 2057 servi
1428 1997 1679 2078 accepit,
1721 1996 1934 2056 similis

190 2075 540 2142 hominibus
568 2077 779 2150 factus,
802 2090 864 2138 et
892 2099 1092 2138 veram
1123 2089 1396 2139 naturam
1429 2079 1758 2139 humanam
1790 2102 1931 2140 cum

189 2159 474 2220 omnibus
503 2159 689 2241 ipsius
718 2159 1167 2221 infirmitatibus
1198 2163 1479 2243 (excepto
1501 2166 1772 2242 peccato)
1796 2184 1934 2223 vere

192 2244 536 2326 assumpsit,
564 2241 709 2303 dum
750 2254 1076 2325 conceptus
1106 2255 1197 2304 est
1223 2244 1285 2303 in
1316 2255 1484 2304 utero
1515 2245 1705 2304 beatae
1733 2244 1934 2326 Virgi-

190 2323 286 2386 nis
315 2324 548 2398 Marioe,
568 2325 786 2386 virtute
814 2325 1071 2407 Spiritus
1100 2326 1304 2387 Sancti
1333 2327 1560 2407 absque
1591 2326 1711 2386 ulla
1739 2326 1936 2387 homi-

192 2406 286 2469 nis
341 2429 380 2468 o
458 2429 540 2468 ra.
630 2407 787 2468 Eam
850 2430 1025 2490 porro
1091 2420 1366 2470 naturam
1425 2410 1752 2469 humanam
1811 2431 1933 2470 non

143 2518 152 2525 ·
188 2510 274 2572 qu
422 2510 638 2572 corpus
676 2502 910 2551 tantum
952 2490 1168 2565 induit,
1197 2491 1298 2551 sed
1334 2490 1515 2551 etiam
1561 2491 1759 2572 quoad
1802 2493 1933 2552 ani-

191 2592 392 2633 mam:
434 2571 550 2633 fuit
592 2572 755 2633 enim
807 2595 943 2634 vera
986 2574 1188 2634 anima
1230 2574 1498 2634 humana
1534 2573 1838 2656 praeditus,
1866 2587 1935 2635 ut

189 2675 364 2716 verus
392 2667 550 2715 esset
577 2654 780 2717 homo.
852 2655 1099 2718 Etenim
1130 2679 1319 2739 quum
1350 2656 1552 2717 anima
1582 2679 1704 2717 non
1735 2657 1936 2718 minus

191 2757 377 2818 quam
422 2736 621 2830 ipsum
666 2760 883 2821 corpus
925 2738 1295 2800 damnationi
1334 2751 1491 2800 esset
1523 2739 1803 2812 obnoxia,
1832 2763 1936 2801 nc-

193 2839 358 2879 cesse
384 2818 500 2879 fuit
528 2819 698 2881 illum
729 2834 790 2880 et
821 2821 936 2882 hoc
964 2833 1025 2882 et
1054 2822 1217 2883 illam
1251 2843 1569 2895 assumere,
1599 2835 1666 2882 ut
1705 2835 1935 2882 utrum-

194 2922 315 2981 que
370 2900 551 2962 simul
609 2915 881 2964 servaret.
967 2903 1200 2966 Idcirco
1257 2917 1463 2965 contra
1509 2904 1722 2964 Anaba
1769 2905 1936 2965 tista-

194 3005 327 3044 rum
363 2982 654 3058 boeresim,
684 2984 815 3065 (qui
845 2998 1067 3067 negant
1095 2987 1405 3048 Christum
1448 3008 1685 3048 carnem
1725 2927 1937 3047 iiuma-

195 3087 338 3126 nam
374 3067 1200 3148 assumpsissespconfitemur
1229 3070 1538 3130 Christum
1580 3069 1932 3151 participem

194 3147 388 3208 carnis
431 3159 494 3208 et
536 3150 841 3242 sanguinis
885 3150 1085 3226 fuisse,
1114 3152 1269 3213 sicut
1306 3165 1367 3212 et
1408 3151 1574 3234 pueri
1611 3151 1817 3211 fratres
1848 3152 1936 3234 ip-

194 3230 338 3304 sius,
364 3250 438 3291 ex
471 3229 692 3291 lumbis
719 3231 979 3293 Davidis
1009 3234 1337 3296 secundum
1370 3256 1644 3295 carnem:
1689 3233 1937 3308 factum,

194 3313 464 3394 inquam,
498 3335 575 3373 ex
618 3314 845 3375 semine
887 3314 1109 3388 David,
1142 3316 1471 3378 secundum
1516 3315 1767 3376 eandem
1813 3339 1939 3378 car.-

194 3417 374 3456 nem:
419 3394 800 3477 fructumque
839 3419 916 3458 ex
954 3410 1124 3458 utero
1158 3398 1422 3480 Virginis
1462 3397 1695 3473 Mariae,
1723 3411 1932 3462 natum

193 3498 274 3539 ex
330 3478 578 3538 muliere
607 3502 622 3538 :
679 3500 924 3559 germen
980 3479 1231 3541 Davidis
1260 3504 1275 3540 ι
1336 3482 1537 3541 florem
1597 3480 1674 3540 de
1738 3481 1935 3544 radice

194 3558 403 3621 Joese:
445 3583 479 3620 e
509 3562 667 3622 tribu
695 3561 734 3621 «Ι
745 3561 880 3635 uda,
909 3573 1090 3643 atque
1119 3586 1153 3623 a
1178 3562 1408 3624 Judaeis
1439 3562 1581 3646 ipsis
1610 3575 1809 3627 ortum
1844 3586 1937 3629 se·

196 3641 460 3705 cundum
492 3665 753 3718 carnem,
775 3658 837 3705 et
865 3645 924 3705 in
956 3667 1193 3707 summa
1215 3667 1418 3707 verum
1446 3667 1653 3706 semen
1676 3648 1936 3710 Abruhae
2011 3687 2020 3691 -

1055 3748 1089 3788 z
1647 3771 1681 3785 κ
