2418 4172
730 330 1284 387 HELVETICA.
1880 340 1951 391 45

201 476 602 559 Evam-elium
647 485 851 536 tamen
895 495 1006 559 pno
1050 474 1136 535 rie
1178 472 1328 535 illud
1376 471 1601 535 dicitur
1644 475 1844 537 loetum
1891 492 1954 540 et

201 560 346 634 felix
394 558 707 633 nuncium,
754 579 878 639 quo
935 579 1015 618 no
1060 555 1107 617 is
1170 556 1434 640 primum
1487 577 1595 640 ρει·
1648 557 1949 621 Joannem

191 642 566 727 “Baptistam,
597 640 815 702 deinde
853 662 965 724 ρει·
995 640 1197 723 ipsum
1238 638 1550 700 Christum
1591 638 1955 715 Dominum,

200 736 559 811 posteape‘r
591 724 895 807 apostolos
924 725 1053 804 ejus
1095 723 1628 806 apostolorumque
1657 744 1957 784 successo·

200 829 296 871 ms
380 807 728 870 radicatum
766 819 858 868 est
896 805 1147 878 mundo,
1178 805 1385 866 Deum
1421 805 1551 886 jam
1594 807 1955 887 praestitisse,

196 829 380 1036 ms
407 889 776 951 ab'exordio
823 889 1031 953 mundi
1077 887 1372 971 promisit,
1415 909 1486 948 ac
1538 889 1788 962 misisse,
1831 889 1957 950 imo

246 996 247 999 ’
327 973 515 1037 aviae
544 973 719 1034 nobis
748 972 972 1033 Filium
1005 973 1274 1046 unicum,
1302 982 1364 1032 et
1402 971 1461 1031 in
1496 972 1612 1032 hoc
1648 973 1957 1033 reconcili-

102 1054 107 1060 ’
205 1056 472 1120 ‘ationem
514 1077 653 1118 cum
693 1055 888 1130 Patre,
926 1054 1335 1116 remissionem
1383 1065 1788 1137 peccatorum,
1826 1077 1958 1116 om-

195 1160 343 1204 nem
362 1139 827 1236 plenitudinem,
855 1151 917 1199 et
948 1139 1130 1199 vitam
1164 1150 1468 1200 aeternam.
1515 1138 1785 1199 Historia
1815 1160 1958 1222 ergo

189 1222 501 1309 &scripta
551 1245 586 1284 a
640 1234 899 1305 quatuor
954 1221 1125 1282 Evan
1171 1221 1379 1294 elistis,
1427 1221 1758 1305 explicans,
1806 1244 1957 1303 quo-

196 1305 392 1368 modo
429 1306 558 1367 haec
600 1306 722 1366 sint
757 1305 916 1366 facta
945 1305 1036 1365 vel
1083 1244 1407 1388 agimpleta
1452 1326 1486 1365 a
1520 1304 1785 1379 Christo,
1820 1326 1957 1387 quoe

205 1387 479 1452 docuerit
512 1400 573 1450 et
610 1388 818 1449 fecerit
845 1387 1146 1462 Christus,
1173 1400 1235 1448 et
1263 1386 1427 1469 quod
1453 1387 1514 1448 in
1555 1387 1687 1470 ipso
1716 1388 1959 1449 creden-

192 1482 299 1535 te·
325 1492 571 1534 omnem
613 1471 841 1532 habent
882 1469 1342 1552 plenitudinem,
1370 1483 1531 1531 recte
1571 1482 1962 1554 nuncupatur

204 1551 631 1637 Evangelium.
718 1553 1071 1614 Praedicatio
1100 1553 1242 1613 item
1288 1564 1351 1613 et
1380 1553 1691 1635 Scriptura
1722 1565 1960 1636 aposto-

203 1635 344 1711 lica,
382 1655 505 1717 qua
548 1635 722 1696 nobis
764 1657 839 1696 ex
925 1645 1082 1695 nunt
1123 1634 1400 1717 apostoli,
1434 1634 1744 1716 quomodo
1785 1636 1960 1695 nobis

203 1739 247 1781 ε
278 1718 454 1781 Patre
493 1717 670 1779 datus
714 1718 794 1778 sit
890 1717 1046 1790 ilius,
1083 1728 1147 1777 et
1188 1717 1248 1776 in
1296 1716 1413 1777 hoe
1449 1717 1587 1777 vitoe
1631 1717 1960 1798 salutisque

197 1800 431 1877 onmia,
465 1812 628 1862 recte
661 1800 884 1861 dicitur
924 1799 1198 1861 doctrina
1230 1798 1617 1880 Evangelica,
1654 1798 1740 1860 sic
1778 1811 1845 1860 ut
1883 1822 1962 1861 ne

200 1882 389 1948 bodie
414 1883 683 1966 quidem,
705 1883 756 1944 si
785 1884 1016 1944 sincera
1044 1883 1139 1954 sit,
1161 1882 1629 1965 appellationem
1660 1893 1784 1943 tam
1810 1905 1963 1966 prae-

204 1966 429 2031 daram
459 1967 719 2028 amittat.

291 2050 408 2112 Illa
450 2050 580 2133 ipsa
621 2048 937 2130 Evangelii
989 2047 1334 2131 praedieatio
1378 2059 1764 2143 nuncupatur
1814 2049 1958 2110 item

205 2133 288 2195 ab
320 2133 595 2216 apostolo
632 2133 896 2276 εῶἰήωε,
922 2143 985 2192 et
1023 2131 1420 2192 ministerium
1461 2131 1725 2213 spiritus,
1757 2144 1791 2192 2
1822 2133 1963 2193 Cor.

208 2217 295 2279 iii.
319 2237 395 2278 eo
421 2215 582 2298 quod
612 2238 645 2276 e
713 2237 826 2276 cax
855 2227 916 2275 et
943 2214 1078 2275 viva
1116 2216 1224 2275 fiat
1260 2237 1368 2296 per
1396 2213 1578 2274 fidem
1619 2214 1679 2274 in
1716 2215 1961 2275 auribus

207 2299 336 2361 imo
356 2298 638 2360 eoi-dibus
660 2297 1032 2359 credentium
1057 2318 1164 2380 ρει·
1184 2296 1477 2379 Spiritum
1502 2297 1792 2358 Sanctum
1826 2298 1964 2359 illu-

206 2381 562 2445 minantem.
626 2380 792 2441 Nam
822 2380 1012 2454 litera,
1041 2396 1178 2460 quoe
1206 2379 1535 2462 opponitur
1564 2380 1819 2462 spiritui,
1844 2381 1964 2463 sig-

206 2465 415 2528 nificat
450 2463 698 2546 quidem
737 2485 984 2524 omnem
1021 2485 1145 2523 rem
1187 2474 1521 2535 externam,
1550 2462 1654 2523 sed
1699 2464 1963 2524 maxime

206 2546 545 2611 doctrinam
584 2547 735 2628 legis
772 2548 903 2607 sine
946 2545 1161 2629 spiritu
1199 2561 1264 2605 et
1300 2545 1421 2606 fide
1460 2545 1520 2605 in
1567 2545 1804 2620 animis,
1841 2569 1962 2607 non

206 2630 345 2693 viva
389 2630 508 2692 fide
551 2629 950 2703 credentium,
984 2640 1333 2713 operantem
1379 2628 1549 2702 iram,
1590 2640 1653 2688 et
1695 2629 1956 2690 excitan-

207 2724 334 2776 tem
365 2725 704 2799 peccatum.
778 2715 919 2783 Quo
949 2712 1196 2773 nomine
1225 2724 1285 2772 et
1316 2711 1717 2772 ministerium
1756 2714 1963 2773 mortis

209 2797 290 2860 ab
330 2797 605 2880 apostolo
646 2808 1047 2879 nuncupatur.
1136 2795 1284 2856 Huc
1324 2795 1484 2855 enim
1520 2794 1666 2855 illud
1710 2797 1963 2876 apostoli

204 2880 489 2965 pertinet,
521 2878 733 2942 Litera
757 2879 995 2952 occidit,
1025 2878 1295 2960 Spim‘tw
1319 2875 1607 2961 vivfficat.
1671 2876 1754 2936 Et
1783 2878 1965 2939 Pseu·

199 2961 547 3048 ‹lo-postoli
603 2962 1009 3047 proedicabant
1059 2961 1457 3044 Evangelium
1509 2960 1640 3041 lege
1696 2959 1966 3022 admixta

210 3057 582 3130 mptum,
609 3046 779 3128 quasi
800 3045 1087 3113 Christus
1126 3046 1254 3106 sine
1294 3045 1424 3126 lege
1458 3065 1579 3103 non
1620 3044 1811 3126 possit
1848 3067 1967 3104 ser-

211 3145 369 3190 vare.
433 3129 658 3198 Quales
697 3129 883 3190 fixisse
908 3128 1193 3190 dicuntur
1222 3126 1543 3188 Hebionaei
1574 3128 1651 3187 ab
1681 3126 1967 3189 Hebione

211 3209 495 3272 hoeretioo
541 3211 988 3287 descendentes,
1037 3222 1099 3273 et
1149 3211 1444 3283 Nazaraei,
1486 3209 1591 3289 qui
1649 3219 1710 3268 et
1754 3209 1965 3272 Minaei

171 3297 178 3306 ‘
211 3293 548 3375 antiquitus
569 3295 957 3356 vocabantur.
1015 3295 1187 3363 Quos
1208 3314 1419 3353 omnes
1449 3313 1559 3351 nos
1587 3290 1967 3369 damnamus,

209 3397 362 3460 pure
389 3375 783 3459 praedieantes
813 3375 1234 3457 Evangelium,
1262 3375 1667 3455 docentesque
1697 3395 1805 3458 ρει·
1829 3375 1967 3460 Spi-

205 3459 395 3520 ¹eitum
428 3458 646 3532 solum,
675 3470 737 3519 et
766 3480 887 3518 non
916 3480 1025 3542 ρει·
1054 3459 1248 3540 legem
1276 3457 1593 3537 justificari
1637 3458 1966 3521 credentes.

210 3539 316 3604 De
355 3562 478 3624 qua
518 3564 583 3603 re
622 3563 764 3603 mox
805 3552 1090 3623 sequetur
1127 3542 1241 3602 sub
1285 3540 1464 3601 titulo
1502 3539 1966 3604 Justifieationis

212 3625 514 3707 eopiosior
538 3624 857 3708 expositio.

1673 3776 1707 3788 Ι
