2418 4172
815 242 1358 297 HELVETICA.
1888 249 1959 301 35

205 388 300 452 bis
332 385 650 469 quisquam
689 396 782 445 est
819 383 1322 446 annumerandus.
1411 384 1630 445 Paulus
1670 401 1830 449 certe
1876 389 1951 450 ad

203 469 576 564 Philippens.
615 467 876 530 Gratias
904 489 1040 550 aga,
1070 466 1287 548 inquit,
1308 489 1428 548 pro
1462 467 1735 528 omnibus
1771 471 1952 546 vobis,

192 550 496 634 (loquitur
529 561 730 612 autem
765 551 841 611 de
874 563 1001 612 tota
1034 549 1306 611 Ecclesia
1342 549 1762 632 Philippensi‚)
1796 555 1957 634 quod

197 635 494 697 veneritis
514 634 578 695 in
601 635 1064 696 communionem
1089 633 1438 716 Evangelii,
1459 654 1821 714 persuasum
1843 636 1951 696 Ιια-

201 717 365 792 beru,
393 716 557 814 quod
580 716 649 789 ἵε,
673 717 782 798 ‘qui
810 717 989 797 coepit
1016 738 1167 796 opus
1203 716 1419 778 bonum
1458 717 1523 777 in
1559 716 1743 789 vobis,
1763 716 1952 800 perfi-

195 801 341 875 ciet,
363 799 779 881 sieut-justum
810 808 917 873 est,
944 807 1014 860 ut
1044 798 1154 859 hoc
1179 800 1439 860 sentiam
1469 799 1543 860 de
1569 798 1734 860 bobis
1761 803 1952 862 omni-

200 883 328 947 hu-
412 883 497 944 Et
539 904 678 944 cuni
723 882 875 943 Luc.
920 882 1046 942 xiii.
1091 894 1397 963 rogaretur
1447 882 1784 943 Dominust
1843 885 1954 945 An

184 966 382 1050 pauci
403 967 528 1028 sint
555 966 662 1048 qui
687 964 1013 1027 salvantur
1037 966 1075 1024 9
1116 987 1237 1026 non
1282 966 1606 1048 respondet
1647 965 1952 1029 Dominus

179 1068 271 1112 'ac
296 1048 463 1124 dicit,
490 1071 716 1133 paucos
761 1060 864 1110 aut
903 1049 1102 1131 plures
1142 1048 1268 1108 fore
1307 1049 1645 1123 servandos,
1675 1061 1779 1110 aut
1816 1073 1952 1132 per-

179 1130 445 1208 dendos,
466 1131 567 1193 sed
595 1132 863 1193 hortatur
892 1132 1111 1214 potius,
1137 1143 1203 1192 ut
1225 1132 1481 1213 quisque
1510 1132 1836 1193 contendat
1865 1134 1955 1194 in-

197 1214 365 1299 gredi
410 1238 518 1300 per
562 1227 794 1298 portam
844 1227 1087 1275 arctam.
1175 1216 1360 1284 Quasi
1401 1215 1639 1290 dixerit,
1669 1215 1950 1278 Vestrum

197 1319 321 1361 non
357 1311 451 1360 est
483 1298 559 1360 de
591 1298 681 1359 his
710 1298 999 1359 curiosius
1040 1297 1353 1378 inquirere,
1383 1298 1486 1359 sed
1522 1299 1711 1380 magis
1742 1300 1953 1374 anniti,

196 1392 268 1444 nt
374 1403 404 1443 r
429 1392 651 1443 rectam
683 1381 839 1440 viam
872 1381 1096 1441 coeluni
1131 1381 1569 1462 ingrediamini.

398 1463 557 1536 inde,
587 1485 705 1524 non
738 1464 1062 1544 probamus
1097 1463 1312 1544 impias
1346 1465 1725 1543 quorundam
1757 1489 1950 1542 voces,

181 1544 304 1628 qui
331 1544 562 1618 dicunt,
592 1545 771 1606 Pauci
805 1556 946 1605 sunt
973 1545 1170 1617 electi,
1198 1557 1259 1604 et
1289 1567 1427 1606 cum
1462 1546 1612 1606 milii
1644 1570 1765 1608 non
1804 1572 1951 1610 con·

176 1638 313 1693 stet
339 1650 413 1689 an
444 1628 556 1688 sim
589 1627 652 1687 in
683 1626 787 1687 illo
808 1649 1135 1709 paucorum
1169 1649 1442 1701 numero,
1461 1629 1706 1709 genium
1741 1653 1945 1692 meum

183 1723 316 1779 vnon
356 1710 663 1773 fraudabo.
750 1711 869 1771 Alii
915 1710 1158 1771 dicunt:
1218 1711 1279 1771 Si
1342 1711 1801 1793 praedestinatus
1854 1716 1947 1775 vel

191 1793 416 1857 electus
446 1816 579 1855 sum
613 1817 647 1854 a
675 1793 831 1869 Deo,
859 1794 1009 1854 nihil
1042 1794 1334 1876 impediet
1364 1817 1461 1855 me
1491 1818 1526 1855 a
1560 1796 1752 1856 salute
1785 1811 1949 1859 certo

179 1875 312 1958 jum
337 1876 604 1949 definita,
634 1877 924 1958 quicquid
956 1877 1198 1938 tandem
1232 1877 1639 1959 designavero,
1713 1880 1775 1940 Si
1809 1903 1949 1942 vero

190 1981 328 2022 sum
371 1960 448 2022 de
492 1962 880 2043 reproborum
925 1983 1198 2034 numere,
1227 1962 1391 2021 nulla
1422 1984 1521 2022 me
1549 1963 1643 2022 vel
1674 1963 1822 2024 fides
1851 1965 1948 2026 vel

190 2043 554 2127 poenitentia
584 2042 859 2123 juvabit;
903 2066 1045 2104 cum
1083 2043 1357 2103 definitio
1394 2044 1532 2104 Deo
1569 2047 1785 2107 mutari
1825 2070 1947 2108 non

190 2126 399 2208 possit.
487 2126 701 2207 Itaque
739 2126 980 2186 inutiles
1018 2137 1159 2187 sunt
1195 2126 1484 2187 doctrinae
1524 2140 1586 2188 et
1623 2129 1950 2191 admoniti-

186 2216 335 2274 ones
363 2230 600 2276 omnes.
685 2209 849 2269 Nam
895 2220 1104 2269 contra
1158 2210 1266 2268 hos
1316 2222 1548 2291 pugnat
1598 2211 1743 2272 illud
1804 2235 1947 2295 apo-

187 2290 362 2354 stoli:
410 2291 671 2373 Oportet
711 2313 953 2352 servum
989 2291 1248 2352 Domini
1281 2314 1654 2373 propensum
1698 2317 1824 2357 esse
1865 2298 1952 2358 ad

186 2374 537 2450 docendum,
566 2375 935 2435 erudientem
981 2397 1078 2435 eos
1118 2375 1226 2458 qui
1266 2376 1584 2450 obsistunt,
1611 2378 1667 2437 si
1702 2380 1944 2460 quando

186 2457 292 2519 det
331 2458 510 2519 Deus
551 2458 677 2519 illis
712 2459 1153 2538 poenitentiam,
1182 2459 1267 2520 ad
1305 2461 1750 2542 agnoscendum
1784 2463 1942 2523 veri-

186 2548 393 2615 tatem,
414 2549 484 2603 ut
512 2542 953 2623 resipiscamur
980 2562 1020 2601 a
1049 2541 1264 2624 laqueo
1293 2542 1568 2618 Diaboli,
1590 2546 1757 2624 capti
1777 2545 1853 2606 ab
1875 2568 1941 2606 eo

185 2623 273 2685 ad
308 2623 440 2707 ᾔεις
484 2624 874 2686 voluntatem.
959 2624 1076 2686 Sed
1121 2636 1184 2685 et
1223 2626 1601 2707 Augustinus
1644 2628 1719 2687 de
1762 2628 1941 2688 Bono

185 2706 643 2769 perseverantiae
683 2730 814 2791 cap.
866 2720 960 2769 14.
1004 2720 1066 2769 et
1107 2711 1634 2789 consequentibu8‚
1677 2712 1941 2772 ostendit

184 2801 509 2873 utrumque
529 2814 659 2853 esse
678 2791 1146 2874 praedicandum,
1163 2803 1224 2852 et
1245 2792 1446 2853 liberae
1464 2793 1773 2853 electionis
1790 2817 1942 2876 prae-

183 2872 720 2956 destinationisque
750 2876 1024 2956 gratiam,
1052 2886 1115 2935 et
1149 2874 1591 2936 admonitiones
1629 2888 1690 2937 et
1722 2877 1943 2939 doctri-

185 2977 295 3018 nas
335 2957 639 3019 salutares.
725 2959 1152 3041 Impro‘bamus
1195 2959 1399 3039 itaque
1443 2959 1597 3031 illos,
1627 2961 1728 3040 qui
1776 2983 1938 3040 quae·

186 3048 326 3100 runt
382 3052 553 3104 extra
593 3041 928 3115 Christum,
977 3042 1075 3102 An
1127 3042 1248 3102 sint
1307 3042 1384 3101 ab
1434 3054 1657 3103 aeterno
1719 3044 1937 3105 electi?

183 3121 271 3182 Et
297 3121 443 3203 quid
483 3135 623 3183 ante
660 3146 904 3186 omnem
946 3125 1341 3187 aeternitatem
1381 3124 1457 3184 de
1489 3125 1630 3205 ipsis
1667 3127 1941 3188 statuerit

181 3202 396 3266 Deus?
437 3205 758 3267 Audienda
791 3219 885 3268 est
920 3209 1085 3269 enim
1126 3206 1470 3289 praedicatio
1497 3207 1832 3290 Evangelii,
1860 3212 1943 3271 ei-

178 3309 302 3369 que
331 3287 696 3350 credendum
728 3301 851 3349 est:
886 3301 947 3349 et
975 3312 1085 3371 pro
1116 3289 1456 3350 indubitato
1493 3289 1870 3365 habendum,
1889 3294 1936 3353 si

181 3369 376 3432 credis
404 3393 474 3432 ac
502 3371 581 3431 sis
612 3371 673 3431 in
696 3371 962 3446 Christe,
979 3373 1235 3432 electum
1270 3384 1330 3432 te
1360 3393 1505 3432 esse.
1570 3373 1746 3435 Pater
1772 3376 1934 3437 enim

181 3452 720 3536 praedestinationis
791 3477 914 3516 suae
982 3466 1265 3529 aeternam
1334 3456 1716 3531 sententiam,
1782 3458 1940 3520 sicut

186 3535 367 3599 modo
383 3558 457 3598 ex
478 3538 752 3620 apostolo
775 3550 811 3599 2
833 3538 1106 3600 Timoth.
1129 3538 1167 3597 i.
1189 3537 1461 3619 exposui,
1482 3538 1542 3599 in
1564 3538 1812 3604 Christo
1832 3565 1944 3606 no-

1015 3641 1058 3680 D
1093 3634 1127 3681 2

1664 3778 1699 3790 Ι
