2418 4172
463 322 570 374 m
1091 319 1577 374 CONFESSIO

461 461 679 523 neticio
727 483 1027 522 canonum
1080 461 1312 522 liberari
1368 473 1629 543 possent.
1714 462 1795 524 Et
1834 463 1950 525 hoc
1988 463 2206 526 accidit

463 544 653 626 magis
695 544 876 605 etiam
922 546 982 604 in
1029 544 1403 605 monasteriis
1447 544 1745 625 virginum
1774 566 1957 625 quam
1997 568 2207 607 mona·-

457 626 734 700 cbornm,
776 648 915 687 cum
961 627 1126 687 sexui
1171 626 1542 686 imbecilliori
1595 626 1783 708 magis
1834 628 2201 709 parcendum

457 721 629 769 esset.
716 708 840 769 Hic
883 709 1040 789 rigor
1081 708 1172 768 dis
1220 708 1387 769 licuit
1434 709 1637 769 multis
1679 709 1850 769 bonis
1889 709 2027 771 viris
2063 722 2204 772 ante

460 790 593 851 haec
634 803 924 873 tempora,
953 792 1054 872 qui
1100 731 1381 851 viXebant
1425 792 1652 872 puellas
1695 805 1756 851 et
1800 791 2204 853 adolescentes

459 872 520 933 in
586 874 944 933 monasteria
1005 873 1240 934 detrudi
1307 887 1549 955 propter
1610 874 1859 946 victum,
1919 874 2205 936 videbant

456 975 638 1035 quam
698 955 1039 1015 infoeliciter
1094 955 1438 1016 succederet
1497 956 1611 1016 hoc
1667 956 2006 1026 consilium,
2062 977 2202 1037 quae

456 1037 732 1097 seandala
763 1049 1009 1117 pareret,
1037 1058 1188 1116 quos
1217 1038 1461 1117 laqueos
1496 1039 1876 1098 conscientiis
1914 1037 2200 1118 injiceret.

455 1118 764 1179 Dolebant
788 1119 1167 1178 autoritatem
1193 1140 1491 1179 canonum
1525 1119 1582 1179 in
1616 1142 1677 1180 re
1699 1120 2201 1203 periculosissima

455 1201 706 1260 omnino
736 1199 958 1281 negligi
989 1211 1050 1259 et
1080 1201 1408 1260 contemni.

536 1282 631 1342 Ad
681 1282 812 1342 baec
856 1282 1031 1353 mala,
1062 1281 1382 1342 accedebat
1420 1282 1556 1342 talis
1593 1283 1897 1364 persuasio
1924 1283 2000 1343 de
2027 1284 2202 1359 votis,

453 1386 636 1444 quam
670 1375 905 1424 constat
933 1364 1113 1423 etiam
1139 1364 1283 1423 olim
1307 1363 1682 1447 displicuisse
1703 1365 1847 1447 ipsis
1871 1366 2202 1442 monachis,

453 1447 501 1506 si
535 1446 637 1527 qui
671 1447 851 1528 paulo
878 1446 1236 1506 cordatiores
1260 1446 1522 1521 fuerunt,
1542 1446 1840 1508 docebant
1866 1461 2007 1510 vota
2034 1448 2201 1531 paria

451 1550 579 1589 esse
617 1529 938 1611 baptismo,
968 1528 1267 1589 docebant
1303 1551 1366 1589 se
1407 1530 1521 1590 hoc
1559 1530 1696 1591 vitae
1733 1552 1950 1611 genere
1986 1530 2198 1592 mereri

454 1611 866 1671 remissionem
913 1622 1316 1693 peccatorum,
1358 1623 1420 1671 et
1452 1611 1948 1690 justificationem
1993 1635 2197 1675 coram

451 1693 605 1754 Deo.
693 1693 829 1753 Imo
873 1693 1190 1765 addebant,
1233 1694 1416 1754 vitam
1465 1695 1855 1756 monasticam
1902 1717 2021 1755 non
2065 1707 2199 1756 tan-

450 1787 582 1836 tum
603 1775 901 1855 justitiam
938 1775 1147 1836 mereri
1178 1797 1378 1836 coram
1410 1776 1567 1848 Deo,
1590 1777 1692 1837 sed
1716 1777 1974 1860 amplius
1995 1778 2198 1853 etiam,

450 1858 591 1951 quia
636 1870 892 1918 servaret
934 1880 1052 1918 non
1099 1856 1281 1918 modo
1323 1870 1645 1941 praecepta,
1678 1859 1781 1920 sed
1825 1859 2010 1920 etiam
2052 1881 2198 1922 oon·

450 1940 583 2000 silia
610 1940 968 2021 evangelica.

533 2023 630 2083 Ita
657 2021 1097 2104 persuadebant
1126 2021 1520 2082 monasticam
1550 2023 1980 2104 professionem
2020 2025 2197 2109 longe

450 2105 757 2165 meliorem
789 2103 1262 2185 esse-baptismo,
1283 2103 1468 2164 vitam
1497 2106 1886 2167 monasticam
1911 2105 2048 2189 plus
2069 2129 2198 2170 me-

448 2188 558 2247 reri
604 2209 787 2268 quam
832 2187 1015 2247 vitam
1064 2185 1541 2267 magistratuum,
1570 2187 1752 2248 vitam
1789 2200 2099 2272 pastorum
2134 2202 2196 2252 et

448 2269 759 2343 similium,
788 2269 892 2350 qui
937 2269 997 2329 in
1044 2268 1339 2328 mandatis
1372 2269 1487 2329 Dei
1529 2270 1655 2330 sine
1691 2271 1934 2333 factitiis
1962 2272 2197 2354 religio-

448 2353 624 2413 nibus
668 2374 788 2412 suae
831 2352 1125 2412 vocationi
1171 2350 1452 2412 serviunt.
1537 2351 1712 2412 Nihil
1746 2353 1959 2414 horum
1991 2355 2191 2436 negari

447 2445 664 2515 potest,
693 2445 902 2493 extant
930 2434 1089 2494 enim
1123 2433 1186 2493 in
1219 2433 1383 2492 libris
1412 2455 1638 2494 eorum.

532 2515 695 2584 Quid
742 2517 926 2576 fiebat
970 2527 1176 2598 postea
1224 2514 1284 2574 in
1333 2516 1750 2576 monasteriis?
1808 2517 1972 2577 Olim
2023 2530 2193 2580 erant

447 2598 667 2659 scholoe
723 2619 1019 2658 sacrarum
1079 2597 1401 2671 literarum,
1443 2610 1503 2658 et
1549 2599 1797 2659 aliarum
1847 2598 2194 2683 disciplina-

448 2702 601 2755 rum,
629 2701 767 2760 quae
810 2692 952 2740 sunt
992 2679 1168 2740 utiles
1210 2679 1492 2753 ecclesiae,
1520 2694 1582 2740 et
1624 2682 2016 2743 sumebantur
2052 2682 2193 2745 inde

445 2773 729 2845 pastores,
753 2773 815 2822 et
842 2762 1126 2844 episcopi.
1212 2761 1397 2823 Nunc
1426 2762 1540 2823 alia
1569 2785 1660 2823 res
1689 2777 1814 2834 est;
1858 2765 2010 2825 nihil
2038 2787 2191 2849 opus

446 2856 536 2906 est
591 2845 838 2905 recitare
894 2856 1052 2905 nota.
1139 2843 1303 2905 Olim
1357 2844 1428 2906 ad
1480 2844 1832 2908 discendum
1878 2847 2184 2909 convenie-

449 2929 614 3001 bant,
657 2949 818 2989 nunc
863 2929 1102 3011 fingunt
1143 2926 1485 2988 institutum
1532 2951 1660 2989 esse
1703 2929 1842 2991 vitoe
1883 2951 2073 3024 genus
2114 2930 2190 2992 ad

447 3009 903 3093 promerendam
943 3009 1352 3071 remissionem
1396 3023 1777 3093 peccatorum
1815 3024 1876 3073 et
1893 3013 2192 3092 justifica-

446 3095 696 3166 tionem,
739 3093 929 3153 immo
975 3091 1300 3176 praedicant
1342 3115 1469 3154 esse
1512 3105 1734 3155 statum
1786 3095 2187 3178 perfectionis,

445 3188 507 3236 et
550 3176 725 3258 longe
768 3175 1091 3258 praeferunt
1132 3175 1414 3236 omnibus
1458 3176 1588 3237 aliis
1625 3178 1764 3239 vitae
1805 3178 2123 3261 generibus
2150 3197 2186 3238 a

444 3258 583 3318 Deo
610 3257 914 3319 ordinatis.
1919 3292 1924 3298 ·

531 3341 685 3402 Hoec
728 3340 863 3402 ideo
905 3341 1285 3403 recitavimus
1324 3341 1472 3403 nihil
1509 3342 1714 3404 odiose
1742 3351 2182 3422 exaggerantes,

446 3433 513 3482 ut
543 3423 756 3484 melius
786 3423 973 3484 intelli
1024 3423 1035 3434 ’
1070 3436 1272 3508 posset
1299 3424 1375 3486 de
1405 3425 1519 3486 hac
1551 3447 1613 3486 re
1646 3423 1914 3486 doctrina
1950 3434 2180 3483 nostro-

448 3521 597 3564 rum.
688 3505 953 3566 Primum
1028 3528 1061 3566 e
1094 3507 1206 3581 his,
1235 3507 1339 3589 qui
1382 3506 1762 3569 matrimonia
1798 3502 2179 3579 contrahunt,

445 3583 530 3645 sic
571 3585 788 3647 docent
830 3588 989 3670 apud
1034 3611 1161 3663 nos,
1188 3588 1352 3669 quod
1382 3590 1558 3651 liceat
1583 3586 1883 3661 omnibus,
1907 3586 2008 3668 qui
2055 3608 2176 3649 non
