2418 4172
620 412 1490 468 HEIDELBERGENSIS.
1814 415 1916 470 371

263 561 364 614 43.
391 552 564 619 Quid
579 564 877 636 proeterea
906 557 1178 637 capimus
1205 553 1494 616 commoda·
1521 573 1594 613 er
1621 554 1783 612 sacre·
1819 552 1833 566 '
1865 555 1920 614 io

178 641 242 696 et
266 644 462 697 morte
494 636 724 699 Clu-ma·
747 640 785 699 9

263 716 442 787 Quod
481 719 699 780 virtute
737 723 864 800 ejus
906 719 1112 779 mortis
1150 729 1320 778 vetus
1359 728 1559 777 noster
1587 716 1771 776 bomo
1804 739 1921 777 una

178 819 322 861 cum
369 822 444 861 eo
484 801 872 883 crucifigitur,
917 799 1296 870 interimitur,
1340 821 1409 859 ac
1457 798 1800 881 sepelitur&
1844 822 1919 859 ne

224 902 374 944 rave
400 881 757 964 cupiditates
785 892 846 942 et
874 880 1165 942 desideria
1192 880 1383 941 carnis
1417 881 1674 963 posthac
1714 880 1772 940 in
1815 904 1920 941 no-

176 902 273 1024 bis
315 974 566 1046 regnent
585 962 631 1038 b,
659 963 762 1025 sed
807 986 914 1025 nos
958 964 1117 1046 ipsos
1156 963 1208 1024 ei
1252 962 1507 1024 hostiam
1542 963 1920 1044 gratitudinis

176 1044 493 1107 offeramus
514 1054 557 1106 ⁶.

263 1139 364 1189 44.
400 1126 531 1189 01η·
557 1128 826 1205 additur,
855 1129 1187 1190 Descendit
1216 1128 1300 1190 ad
1323 1125 1571 1211 ifferna
1595 1129 1634 1187 Ρ

264 1209 357 1272 Ut
384 1209 445 1271 in
476 1212 729 1272 summis
757 1212 1062 1272 doloribus
1091 1224 1153 1272 et
1182 1211 1543 1292 gravissimis
1581 1212 1924 1273 tentationi-

180 1290 316 1367 bus,
342 1314 442 1354 me
471 1294 877 1355 consolatione
909 1294 1020 1355 hac
1050 1306 1399 1368 sustentem,
1426 1292 1587 1375 quod
1617 1294 1923 1356 Dominus

182 1395 355 1436 meus
386 1374 568 1436 Jesus
602 1376 879 1438 Christus
922 1376 1412 1437 inenarrabilibus
1456 1376 1638 1436 animi
1684 1377 1772 1438 sui
1819 1400 1922 1437 an-

182 1457 415 1539 gustiis,
437 1459 816 1533 cruciatibus,
838 1470 901 1520 et
927 1458 1268 1533 terroribus,
1290 1459 1350 1519 in
1381 1480 1531 1539 quos
1561 1481 1701 1519 curn
1734 1471 1926 1533 antea,

180 1550 312 1600 tum
345 1541 610 1602 maxime
640 1542 701 1602 in
732 1564 909 1603 cruce
936 1541 1225 1623 pendens,
1254 1542 1446 1602 fuerat
1472 1540 1797 1614 demersus,
1828 1564 1926 1603 mc

181 1621 261 1684 ab
293 1623 583 1706 angustiis
611 1635 673 1685 et
701 1624 1064 1685 cruciatibus
1093 1624 1307 1684 inferni
1339 1623 1675 1683 liberaverit
1690 1623 1736 1681 d.

265 1715 368 1768 ⁴5.
401 1705 577 1771 Quid
597 1706 767 1767 nobis
780 1706 1039 1787 prodest
1063 1706 1433 1766 resurrectio
1468 1705 1702 1766 Christi
1725 1706 1763 1764 9

264 1785 558 1862 Primum,
584 1809 690 1848 sua
718 1787 1143 1848 resurrectione
1173 1797 1427 1848 mortem
1458 1786 1698 1860 devicit,
1719 1797 1791 1846 ut
1819 1809 1926 1846 nos

180 1879 386 1952 posset
425 1868 554 1949 ejus
586 1869 858 1951 justitiae,
885 1891 1069 1951 quam
1108 1869 1284 1930 nobis
1325 1891 1433 1930 sua
1462 1880 1654 1931 morte
1684 1891 1929 1952 pepere-

181 1960 294 2027 rat,
331 1952 654 2036 participes
702 1952 897 2014 facere
916 1963 960 2011 θ.
1043 1952 1303 2023 Deinde,
1341 1974 1451 2012 nos
1497 1950 1627 2031 jam
1687 1973 1929 2032 quoquc

183 2031 315 2113 ejus
354 2035 624 2117 potentia
669 2034 742 2095 ad
791 2056 1008 2095 novam
1055 2034 1239 2094 vitam
1286 2034 1620 2095 excitamur
1639 2033 1671 2094 f.
1759 2035 1931 2096 Post-

185 2135 373 2191 remo,
414 2116 762 2178 resurrectio
809 2116 1022 2198 capitis
1064 2116 1251 2177 nostri
1294 2115 1541 2190 Christi,
1582 2100 1931 2197 nobisfflo-

185 2196 355 2259 riosoe
382 2198 823 2260 resurrectionis
852 2210 1070 2259 nostrae
1101 2198 1159 2281 pi
1250 2220 1319 2258 us
1348 2209 1439 2259 est
1461 2209 1505 2258 8.

189 2278 372 2424 1⁰84&
433 2280 746 2347 Quomodo
792 2280 1089 2364 intelligis
1133 2302 1156 2341 ι
1206 2281 1308 2355 ud,
1348 2279 1646 2342 Ascendit
1687 2281 1773 2341 ad
1811 2302 1927 2341 coe-

270 2443 472 2520 Quod,
500 2445 927 2530 aspicientibus
971 2445 1299 2529 discipulis,
1335 2445 1614 2506 Christus
1657 2444 1732 2506 de
1775 2457 1929 2506 terra

187 2524 252 2588 in
307 2527 534 2590 coelum
586 2529 855 2590 sublatus
905 2538 995 2589 est
1012 2529 1061 2603 ¹¹,
1104 2540 1284 2609 atque
1334 2528 1668 2588 etiamnum
1727 2539 1930 2588 nostra

186 2629 368 2672 causa
401 2609 629 2672 ibidem
673 2622 763 2672 est
779 2610 815 2687 ἱ,
843 2621 907 2672 et
942 2611 1075 2686 erit,
1102 2610 1295 2672 donec
1329 2610 1531 2672 redeat
1559 2610 1632 2671 ad
1653 2609 1930 2691 judican-

187 2690 335 2754 dum
365 2693 530 2754 vivos
557 2704 620 2755 et
649 2705 914 2755 mortuos
933 2692 979 2755 ¹‘.

273 2782 376 2851 47.
403 2775 510 2837 An
543 2797 690 2859 ergo
724 2776 1006 2838 Christus
1039 2798 1157 2838 non
1186 2785 1275 2837 est
1305 2777 1608 2837 nobiscum
1636 2797 1826 2859 usque
1853 2777 1937 2836 ad

167 2852 375 2939 finem
400 2858 628 2929 mundi,
656 2859 1152 2943 quemadmodum
1171 2860 1453 2941 promisit
1475 2858 1490 2896 ¹
1513 2860 1550 2918 ‚⁹

276 2936 552 3001 Christus
586 2953 678 3002 est
702 2964 877 3003 verus
904 2942 1074 3003 Deus
1102 2954 1164 3003 et
1191 2964 1364 3002 verus
1387 2942 1592 3013 home,
1613 2940 1816 3020 itaque
1844 2962 1935 3001 se-

195 3020 463 3083 cundum
492 3034 768 3085 naturam
799 3024 1146 3116 humanam,
1156 3024 1285 3105 jam
1318 3046 1438 3085 non
1468 3035 1559 3084 est
1587 3024 1648 3084 in
1679 3036 1833 3084 terra
1853 3035 1929 3083 ¹¹¹:

263 3171 285 3196 ⁸
311 3166 457 3215 Rom.
477 3165 658 3230 vi.6‚7‚
676 3169 819 3225 8,11.
994 3167 1018 3199 b
1050 3168 1194 3217 Rom.
1221 3168 1278 3217 vi.
1311 3184 1384 3216 12.
1566 3174 1585 3197 ⁶
1616 3167 1758 3215 Rom.
1784 3166 1860 3214 xii.
1892 3182 1932 3216 1.

195 3230 219 3264 ‘¹
250 3234 342 3282 lna.
360 3232 443 3281 liii.
468 3249 544 3283 10.
600 3235 746 3284 Matt.
764 3234 897 3284 xxvii.
916 3235 998 3297 46.
1190 3242 1210 3266 θ
1243 3251 1259 3283 1
1289 3236 1398 3283 Cor.
1423 3251 1494 3282 xv.
1527 3234 1602 3287 16.
1634 3248 1709 3295 17,
1744 3234 1819 3289 18,
1845 3246 1926 3297 54,

198 3313 280 3365 55.
339 3299 484 3349 Rom.
503 3300 562 3349 iv.
585 3317 664 3364 25·
728 3318 744 3350 1
768 3302 869 3351 Pet.
890 3301 920 3351 i.
942 3317 989 3365 3,
1008 3318 1056 3363 4,
1078 3316 1124 3365 5,
1155 3318 1231 3350 21.
1360 3302 1375 3332 f
1406 3302 1549 3349 Rom.
1565 3300 1623 3348 vi.
1641 3317 1691 3362 4.
1745 3300 1933 3350 Coloss.

195 3366 263 3416 iii.
295 3382 438 3429 1-4.
494 3368 671 3433 Ephes.
686 3368 733 3416 ii.
755 3381 802 3433 5,
821 3369 869 3417 6.
1004 3377 1027 3409 ⁸
1060 3384 1076 3416 1
1100 3370 1212 3416 Cor.
1232 3385 1305 3416 xv.
1341 3385 1415 3422 12,
1441 3383 1513 3430 ¹3·
1538 3383 1608 3428 ¹4·
1670 3368 1810 3416 Rom.
1835 3367 1932 3416 viii.

204 3448 281 3484 11.
448 3434 471 3465 ⁶
502 3435 609 3484 Act.
635 3435 667 3484 i.
691 3450 738 3498 9.
809 3436 959 3485 Marc.
983 3435 1069 3484 xvi.
1104 3451 1177 3499 ¹9·
1235 3436 1354 3484 Luc.
1379 3434 1497 3482 xxiv·
1522 3450 1603 3498 5¹·
1763 3435 1772 3465 ⁶
1803 3436 1932 3484 neb.

195 3500 258 3550 iv·
290 3516 364 3564 14.
388 3512 435 3550 et
460 3501 536 3550 vii.
565 3517 643 3564 24,
673 3517 750 3566 25.
773 3513 822 3551 et
840 3502 900 3551 ix.
928 3518 999 3557 11,
1027 3516 1098 3550 12.
1159 3502 1303 3550 Rom.
1329 3501 1422 3550 viii.
1447 3517 1526 3564 34.
1584 3501 1834 3567 Ephes.iv.
1859 3518 1932 3552 10.

198 3567 383 3617 Colum
417 3567 483 3618 iii.
525 3586 562 3626 1,
601 3585 644 3618 2.
798 3569 821 3600 ¹
857 3571 960 3619 Act.
996 3569 1025 3618 i.
1067 3585 1139 3617 11.
1213 3570 1356 3617 Matt.
1381 3567 1496 3617 xxiv.
1522 3584 1604 3631 30.
1750 3570 1759 3599 ¹
1790 3570 1933 3619 Matt.

198 3634 351 3713 gviii.
380 3652 458 3685 20.
608 3645 643 3668 “¹
672 3637 815 3686 Matt.
834 3636 951 3685 xxvi.
985 3652 1056 3684 11.
1126 3637 1237 3684 Joh.
1263 3636 1350 3684 xvi.
1381 3636 1457 3685 28.
1483 3647 1533 3685 et
1556 3634 1663 3684 xvii.
1695 3652 1770 3685 11.
1828 3638 1934 3685 Act.
2011 3687 2020 3691 ,

199 3716 266 3751 111.
294 3717 372 3751 21.

1647 3771 1681 3785 l

984 3770 1157 3830 nb2
