2418 4172
471 350 590 427 ,4⁴¹⁰
931 348 992 400 v.
1031 345 1465 401 noca-amm
1509 345 1800 412 CAPUT,

490 511 642 551 verse
686 490 944 573 pietatis,
973 488 1279 572 patientiae
1324 487 1384 548 in
1428 488 1593 548 omni
1637 489 2095 571 lucta‚⁶precum
2140 508 2234 551 ar-

490 573 801 646 dentium,
842 572 1192 633 constantiae
1250 570 1311 630 in
1371 591 1546 631 cruce
1593 582 1654 630 et
1698 570 1962 631 veritatis
2005 572 2236 633 confes-

491 657 675 730 sione,
703 654 996 735 solidique
1025 655 1085 715 in
1116 654 1253 715 Deo
1283 652 1481 734 gaudii
1505 673 1643 712 vera
1665 652 1742 712 sit
1762 653 1964 714 radix:
2007 662 2069 713 et
2094 674 2238 715 oon·

495 738 772 800 sideratio
815 738 983 799 istius
1029 736 1300 797 beneficii
1346 736 1423 796 sit
1466 734 1743 796 stimulus
1793 734 1868 796 ad
1914 735 2135 796 serium
2176 746 2240 797 et

497 821 851 883 continuum
882 819 1259 903 gratitudinis
1298 830 1358 879 et
1395 819 1685 878 bonorum
1727 839 1976 900 operum
2015 817 2242 878 exerci-

499 904 672 977 tium,
702 915 769 964 ut
813 925 887 964 ex
917 903 1239 984 Scripturae
1277 899 1636 961 testimoniis
1677 913 1737 960 et
1766 912 2105 962 sanctorum
2138 920 2242 961 ex-

497 986 713 1069 emplis
743 997 991 1047 constat.

1282 1063 1469 1125 XIII.

581 1150 803 1229 Neque
842 1149 1019 1208 etiam
1063 1148 1123 1207 in
1160 1148 1251 1219 iis,
1278 1147 1382 1227 qui
1415 1168 1449 1206 a
1478 1147 1648 1228 lapsu
1677 1146 2099 1221 instaurantur,
2130 1146 2242 1207 las-

499 1233 711 1294 civiam
740 1242 844 1292 aut
915 1230 1110 1290 ietatis
1139 1228 1428 1290 incuriam
1463 1239 1732 1309 procreat
1759 1227 2019 1288 rediviva

499 1313 779 1375 verantiae
808 1314 848 1372 fi
898 1312 1067 1382 ucia3
1112 1310 1215 1372 sed
1244 1311 1440 1371 multo
1469 1309 1757 1390 majorem
1794 1331 1999 1371 curam
2029 1249 2106 1371 de
2132 1310 2244 1372 viis
2283 1338 2291 1347 ·

499 1396 750 1458 Domini
797 1395 1028 1456 solicite
1070 1392 1497 1466 custodiendis,
1536 1414 1671 1474 quae
1717 1404 2063 1476 proeparatae
2104 1402 2247 1454 sunt

500 1491 568 1540 ut
612 1479 669 1538 in
717 1478 833 1538 inis
878 1477 1242 1538 ambulando
1283 1476 1740 1559 perseverantiae
1781 1497 1902 1537 suae
1941 1474 2249 1537 certitudi-

499 1584 639 1623 nem
671 1560 988 1633 retineant,
1016 1583 1093 1621 ne
1120 1571 1364 1643 propter
1392 1570 1653 1652 paternae
1683 1556 2070 1641 benignitatis
2100 1558 2245 1619 abu·

499 1667 632 1705 sum
665 1643 909 1727 propitii
937 1643 1056 1704 Dei
1086 1642 1266 1703 facies
1296 1643 1491 1721 (cujus
1521 1652 1759 1701 contem
1808 1641 1952 1701 latio
1980 1640 2096 1724 piis
2124 1640 2248 1703 vita

498 1726 745 1799 dulcior,
780 1725 1099 1786 subductio
1148 1735 1341 1784 morte
1393 1723 1682 1800 acerbior)
1775 1743 1933 1783 enuo
1976 1723 2054 1783 ab
2100 1721 2245 1805 ipsis

500 1819 815 1898 avertatur,
837 1819 898 1868 et
921 1808 1088 1868 sicin
1113 1806 1620 1948 g'm‘ffissnimi
1642 1805 1938 1866 cruciatus
1959 1804 2244 1867 incidant.

584 1970 1113 2043 Quemadmodum
1167 1981 1367 2031 autem
1426 1968 1566 2029 Deo
1621 1968 1867 2050 placuit,
1920 1989 2074 2050 opus
2128 1967 2248 2031 boc

501 2078 676 2118 suum
722 2053 926 2136 gratiae
970 2074 1077 2136 per
1117 2050 1604 2135 praedicationem
1635 2049 1949 2132 Evangelii
1983 2050 2042 2111 in
2073 2049 2249 2111 nobis

503 2138 824 2206 inchoare3
869 2136 952 2196 ita
1024 2157 1087 2196 er
1114 2134 1386 2215 ejusdem
1427 2132 1724 2207 auditum,
1750 2133 2093 2205 lectionem,
2122 2154 2250 2194 me-

501 2220 877 2293 ditationem,
907 2217 980 2279 ad
1029 2218 1371 2291 ortationes,
1401 2216 1613 2286 minas,
1643 2214 1956 2298 promissa,
1985 2237 2096 2278 nec
2124 2237 2248 2277 non

501 2325 609 2387 per
637 2324 813 2363 usum
845 2311 1352 2363 sacramentorum
1384 2298 1531 2360 illud
1561 2311 1890 2375 conservat,
1917 2298 2249 2374 continuat,

503 2398 564 2447 et
593 2386 845 2470 perficit.

1304 2463 1450 2525 XV.

590 2551 771 2611 Hanc
813 2548 889 2609 de
931 2570 1067 2608 vere
1108 2546 1477 2608 credentium
1512 2567 1581 2605 ac
1609 2557 1949 2607 sanctorum
1979 2566 2251 2629 perseve-

507 2633 715 2706 rantia,
752 2630 1001 2711 ejusque
1046 2627 1422 2698 certitudine,
1458 2626 1815 2700 doctrinam,
1852 2649 2035 2709 quam
2078 2627 2250 2690 Deus

507 2715 578 2777 ad
626 2713 887 2775 nominis
929 2712 1020 2772 sui
1064 2711 1335 2795 gloriam,
1364 2722 1425 2770 et
1462 2709 1697 2792 piarum
1729 2710 2066 2772 animarum
2095 2711 2252 2772 sola-

506 2799 683 2863 tium.
714 2797 773 2857 in
810 2795 991 2856 verbo
1034 2816 1142 2855 suo
1185 2792 1698 2855 abundantissime
1734 2793 2033 2868 revelavit,
2059 2792 2253 2855 cordi·

508 2883 740 2960 busque
783 2875 1054 2939 fidelium
1098 2876 1411 2960 imprimit,
1438 2897 1574 2936 caro
1616 2874 1864 2956 quidem
1909 2897 2028 2937 non
2071 2875 2252 2959 capit,

508 2967 758 3025 Satanas
786 2960 932 3035 odit,
962 2958 1224 3021 mundus
1254 2958 1425 3029 ridet,
1448 2958 1708 3042 imperiti
1739 2970 1801 3019 et
1831 2958 2160 3043 hypocrite
2187 2957 2250 3021 in

509 3048 760 3107 abusum
796 3043 1053 3127 rapiunt,
1076 3042 1438 3138 spiritusque
1461 3040 1686 3102 erronei
1709 3063 1790 3124 op
1834 3050 2103 3123 ugnant3
2146 3040 2251 3103 sed

511 3150 726 3212 sponsa
755 3126 981 3188 Christi
1013 3138 1079 3187 ut
1109 3124 1541 3187 inoestimabilis
1570 3123 1745 3207 pretii
1775 3136 1801 3185 t
1846 3145 2123 3186 esaumm
2161 3135 2250 3186 te·

507 3212 766 3273 nerrime
808 3231 1045 3291 semper
1085 3207 1314 3282 dilexit,
1342 3220 1402 3269 et
1444 3218 1784 3268 constanter
1861 3206 2251 3291 ropugnavitt

510 3295 669 3376 quod
703 3305 770 3354 ut
792 3314 966 3375 porro
987 3292 1168 3353 faciat
1189 3290 1534 3374 procurabit
1555 3290 1746 3362 Deus,
1767 3229 2044 3351 adiremus
2066 3310 2248 3371 quem

509 3399 618 3437 nec
676 3376 990 3437 consilium
1048 3375 1261 3448 valere,
1299 3395 1410 3435 nec
1459 3374 1639 3433 robur
1695 3373 1885 3433 ulium
1933 3371 2248 3455 proevaiere

510 3471 724 3541 potest.
794 3458 909 3518 Cui
942 3458 1050 3518 soli
1082 3457 1238 3530 Dee,
1260 3456 1439 3530 Patri,
1456 3455 1634 3528 Filio,
1655 3467 1715 3515 et
1745 3455 1993 3538 Spiritui
2026 3455 2248 3516 Sancto

511 3541 586 3600 sit
619 3542 806 3602 honos
835 3552 894 3602 et
923 3539 1109 3624 gloria
1141 3541 1198 3601 in
1230 3539 1681 3623 sempiternum.
1725 3538 1943 3599 Amen.
