2418 4172
508 390 617 443 810
1106 387 1597 442 CONFESSIO

513 532 755 592 onerati
783 531 944 604 esti-⁹,
970 539 1028 591 et
1056 551 1168 613 ego
1191 527 1466 614 reficiam
1491 550 1612 591 voe.
1699 528 1784 589 Et
1812 529 2059 591 modum
2089 529 2264 592 invo-

512 614 764 675 cationis
821 614 949 696 ipse
1004 612 1199 686 docet,
1244 634 1384 673 cum
1438 612 1557 672 aitz
1606 611 1919 694 Quicquid
1955 612 2264 693 petieritis

513 696 768 759 Patrem
801 697 864 757 in
890 701 1130 757 nomine
1155 717 1303 770 mec,
1333 695 1504 756 dabit
1527 695 1711 756 vobis.
1798 694 2037 755 Patrem
2066 695 2263 756 nomi-

514 792 638 854 nat,
667 793 736 840 ut
778 779 1054 860 sejungas
1096 790 1265 838 tuam
1312 777 1751 838 invocationem
1797 778 1873 837 ab
1910 775 2173 852 ethnica,
2199 787 2264 837 et

509 861 736 944 cogites
765 861 910 943 quid
941 861 1275 942 alloquaris.
1347 861 1399 920 C
1485 860 1593 919 'tes
1625 861 1788 920 bunc
1814 879 2023 919 verum
2052 858 2261 920 Deum

512 966 662 1018 esse,
683 945 789 1026 qui
819 966 882 1004 se
912 943 1195 1026 patefecit
1222 942 1407 1003 misso
1489 942 1609 1002 ilio.
1681 941 1825 1001 Non
1855 952 2108 1023 vagetur
2133 941 2263 1002 ani-

516 1048 670 1100 mus,
698 1038 766 1087 ut
794 1026 1035 1086 ethnica
1078 1025 1296 1085 mulier
1338 1026 1398 1085 in
1443 1023 1736 1106 tragoedia
1772 1024 1941 1095 dicit,
1971 1032 2009 1061 “
2035 1023 2262 1085 Invoco

514 1116 551 1144 “
580 1121 640 1169 te
668 1109 858 1178 Deus,
890 1107 1179 1187 quicquid
1210 1128 1297 1179 es,
1322 1107 1466 1167 &c.”

595 1189 714 1250 Sed
746 1190 908 1249 hunc
935 1210 1064 1248 esse
1079 1209 1288 1249 verum
1318 1187 1724 1263 Deum-scias,
1751 1188 1858 1271 qui
1885 1210 1974 1250 se·
2056 1186 2264 1251 tefecit

512 1273 696 1332 misso
731 1270 908 1344 Filio,
946 1271 1237 1331 crucifixo
1282 1282 1344 1330 et
1386 1271 1772 1332 resuscitato:
1813 1283 1879 1331 et
1921 1282 2107 1332 taem
2153 1292 2263 1354 ag-

513 1376 742 1428 noscas,
785 1353 942 1414 sicut
985 1374 1049 1413 se
1089 1352 1392 1436 patefecit.
1476 1352 1717 1414 Deinde
1759 1353 1930 1427 scias,
1972 1351 2139 1414 bunc
2176 1353 2264 1414 ita

513 1449 676 1497 certo
715 1436 831 1496 reci
916 1457 976 1496 re
1018 1447 1081 1496 et
1120 1434 1406 1496 exaudire
1444 1435 1808 1510 invocantes,
1835 1456 1975 1496 cum
2016 1434 2091 1496 ad
2123 1434 2263 1496 Me-

512 1519 803 1579 diatorem
891 1518 1081 1593 ilium,
1109 1518 1466 1598 crucifixum
1496 1540 1607 1600 pro
1634 1518 1828 1593 nobis,
1855 1530 1919 1579 et
1952 1517 2265 1579 resuscita-

512 1615 666 1676 tum,
695 1601 1104 1683 confugimus,
1132 1612 1194 1662 et
1236 1600 1500 1684 petimus
1546 1622 1657 1661 nos
1699 1611 1947 1684 propter
1986 1621 2128 1661 eum
2170 1621 2264 1661 re-

513 1685 652 1767 cipi,
682 1684 970 1757 exaudiri‚
988 1684 1185 1763 juvari
1216 1696 1277 1744 et
1305 1683 1537 1743 salvari.
1621 1683 1758 1744 Nec
1791 1684 1909 1744 alio
1946 1682 2131 1744 modo
2169 1682 2264 1744 ul-

513 1768 606 1827 lus
638 1767 823 1827 homo
845 1766 1129 1848 recipitur
1158 1789 1192 1826 a
1213 1765 1372 1838 Deo,
1389 1766 1483 1825 vel
1513 1765 1865 1826 exauditur:
1894 1786 2009 1826 nec
2038 1765 2263 1826 incerta

512 1861 604 1910 est
633 1849 763 1910 haec
793 1848 1112 1922 invocatio,
1129 1847 1231 1909 sed
1251 1849 1432 1928 jubet
1458 1848 1544 1909 sic
1572 1848 1916 1909 invocantes
1945 1849 2119 1908 firma
2141 1846 2270 1909 fide·

512 1944 789 2006 statuere,
819 1932 983 1992 bunc
1010 1932 1244 1992 cultum
1274 1930 1413 1991 Deo
1439 1930 1695 2012 placere,
1721 1942 1785 1990 et
1811 1930 1898 1991 sic
1917 1930 2262 1991 invocantes

511 2027 675 2075 certo
703 2013 884 2095 recipi
916 2025 978 2073 et
1004 2011 1291 2073 exaudiri.
1365 2011 1513 2071 Ideo
1542 2012 1777 2093 inquit:
1825 2011 2142 2095 Quicquid
2153 2033 2265 2094 pe-
2379 2018 2383 2019 ’

511 2098 735 2159 tieritis
772 2097 836 2157 in
870 2096 1111 2157 nomine
1151 2115 1298 2169 mea,
1337 2093 1402 2170 id
1447 2106 1559 2169 est,
1604 2116 1704 2154 me
1747 2105 2158 2175 agnoscentes,
2201 2106 2264 2156 et

512 2180 911 2252 nominantes,
941 2200 1045 2239 seu
1074 2178 1420 2238 invocantes
1447 2188 1736 2258 tanquam
1771 2176 2265 2260 Redemptorem,
2370 2238 2372 2242 ,

512 2284 823 2323 summum
855 2261 1239 2323 Sacerdotem
1270 2271 1331 2320 et
1359 2259 1842 2321 Intercessorem.

594 2345 772 2406 Solus
802 2344 903 2405 hic
931 2365 1205 2404 summus
1227 2342 1515 2404 Sacerdos
1544 2343 1873 2425 ingreditur
1892 2343 1954 2404 in
1984 2354 2259 2405 sanctum

514 2438 897 2489 sanctorum:
946 2426 1007 2487 id
1045 2438 1153 2500 est,
1184 2426 1243 2486 in
1289 2447 1571 2486 arcanum
1617 2426 1935 2487 consilium
1980 2425 2263 2487 divinita-

513 2510 610 2583 tis,
638 2522 700 2570 et
742 2510 934 2571 cernit
972 2521 1180 2591 pectus
1218 2508 1422 2569 oeterni
1455 2508 1663 2580 Patris,
1699 2520 1762 2568 et
1805 2529 1915 2591 pro
1956 2507 2130 2569 nobis
2170 2508 2263 2569 in-

496 2593 809 2674 terpellat,
851 2603 913 2652 ct
954 2603 1187 2652 nostros
1230 2590 1480 2664 dolores,
1517 2590 1800 2671 gemitus,
1834 2602 1897 2651 et
1939 2611 2142 2673 pneces
2183 2589 2260 2652 ad

514 2697 653 2735 eum
697 2674 940 2757 perfert,
979 2685 1247 2735 scrutans
1289 2672 1468 2734 corda
1514 2685 1731 2734 nostra.
1818 2673 2003 2735 Hanc
2041 2671 2264 2734 doctri-

515 2779 654 2819 nam
702 2757 778 2818 de
825 2756 1162 2818 Mediatore
1197 2756 1573 2817 obscuratam
1621 2769 1683 2816 et
1726 2767 2066 2839 corruptam
2092 2776 2263 2831 esse,

515 2840 898 2901 manifestum
940 2851 1052 2914 est,
1080 2861 1218 2900 cum
1264 2838 1660 2921 confugerent
1698 2838 1973 2899 homines
2015 2837 2091 2900 ad
2137 2859 2264 2900 ma-

514 2939 665 2984 trem
697 2923 806 2983 Vir
849 2922 1032 2997 inem,
1077 2933 1364 3003 tanquam
1420 2921 1611 3004 magis
1661 2922 2005 3005 propitiam,
2047 2933 2110 2983 et
2157 2920 2260 2983 alii
2359 2996 2363 3002 ὦ

515 3007 661 3067 alios
692 2945 1049 3067 mafiatores
1078 3016 1430 3086 quaerercnt.

597 3090 692 3151 Ac
729 3088 1115 3150 manifestum
1161 3099 1270 3161 est,
1299 3088 1535 3148 nullum
1575 3099 1777 3148 extare
1814 3087 2168 3171 exemplum
2196 3086 2261 3149 in

514 3171 844 3255 prophetis,
873 3183 977 3232 aut
1004 3170 1308 3255 apostolis,
1334 3170 1435 3231 ubi
1469 3172 1572 3231 fiat
1609 3170 1997 3254 compellatio
2037 3168 2123 3232 ad·
2150 3169 2261 3232 bo-

517 3256 742 3316 mines:
780 3253 1020 3316 Exaudi
1052 3276 1151 3315 me
1178 3253 1525 3323 Abraham3
1555 3254 1669 3328 vel,
1695 3253 1932 3315 Exaudi
1963 3274 2065 3315 me
2085 3251 2259 3314 D-

517 3350 760 3422 propter
793 3336 1126 3399 Abraham.
1213 3336 1333 3397 Sed
1376 3336 1762 3421 compellatio
1803 3334 1990 3399 fit-ad
2032 3334 2258 3405 Dum,

514 3422 617 3515 qui
658 3443 721 3481 se
759 3420 1076 3503 patefecit:
1119 3418 1400 3481 videlicet
1439 3418 1514 3480 ad
1552 3431 1842 3481 aeternum
1873 3411 2258 3488 Patre-ufi-

516 3504 664 3565 lium
695 3503 1033 3565 Dominum
1075 3514 1349 3564 nostrum
1375 3502 1591 3564 Jesum
1621 3502 2041 3573 Christum,oe
2065 3495 2256 3578 Spiri-

518 3588 993 3728 {umnsfncmm’
1024 3598 1093 3648 ut
1128 3586 1396 3670 recipiat,
1421 3584 1723 3658 exaudiat,
1747 3594 1809 3643 et
1850 3580 2039 3641 calvet
2075 3598 2256 3661 prop·

544 3689 606 3726 er
734 3689 880 3730 ium.
