2418 4172
431 354 504 411 92
1061 352 1553 407 CONFESSIO

431 515 671 556 versum
710 516 746 556 a
786 494 924 556 cibo
966 494 1041 556 ad
1069 516 1377 578 vesperam
1425 516 1635 576 usque.
1716 493 1943 555 Totum
1974 505 2179 555 autem

427 577 552 640 hoc
586 588 829 661 tempus
862 578 1293 661 impendebant
1330 578 1603 661 precibus
1646 577 1826 637 sacris
1868 576 2182 658 cultuique

425 659 549 723 Dei
578 671 640 723 et
669 661 1060 743 poenitentiae.
1148 662 1363 722 Parum
1400 660 1527 722 hoec
1556 660 1879 721 abfuerunt
1907 680 1945 719 a
1974 658 2178 721 luctut

429 754 494 804 et
519 743 799 824 frequens
831 746 899 806 fit
930 744 1408 838 ‘horum-mentio
1439 743 1497 803 in
1523 742 1855 827 prophetis,
1877 740 2180 834 praecipue

426 825 1556 1052 ἱξέἓῶἓῗᾟέυᾞυῗρὲἕαζῗῗὲἒῗ
1591 822 2181 969 ῑηοῗζὶἶῗῗέωῗὲἳῖ

426 990 487 1052 di
556 991 791 1053 cilibus.
863 993 1099 1052 Privata
1118 990 1350 1071 jejunia
1379 990 1786 1084 suscipiuntur
1820 991 1926 1051 abs
1965 987 2177 1070 quovis

426 1085 723 1149 nostrum,
776 1086 957 1157 prout
1011 1074 1271 1155 quisque
1326 1086 1576 1134 senserit
1630 1072 1866 1134 detrahi
1921 1070 2181 1156 spiritui.

425 1155 747 1218 Hactenus
775 1156 938 1217 euim
970 1155 1240 1216 fomenta
1268 1155 1430 1216 carni
1460 1155 1740 1217 detrahit.

509 1239 737 1300 Omnia
755 1237 987 1319 jejunia
1014 1237 1310 1321 proficisci
1341 1237 1566 1299 debent
1592 1259 1670 1299 ex
1698 1237 1906 1311 libero,
1933 1247 2180 1321 sponta-

424 1343 662 1402 neoque
689 1321 902 1404 spiritu
931 1332 993 1381 et
1021 1342 1156 1381 vere
1185 1319 1524 1393 humiliato,
1551 1341 1667 1380 nec
1692 1318 2179 1402 compositaesse

421 1403 500 1466 ad
547 1404 826 1486 plausum
855 1403 950 1464 vel
1000 1403 1253 1485 gratiam
1306 1401 1624 1463 hominum
1669 1399 2179 1482 consequendam,

422 1486 618 1548 multo
663 1486 865 1547 minus
906 1509 999 1560 eo,
1043 1498 1114 1547 ut
1154 1507 1263 1568 per
1303 1485 1433 1568 ipsa
1464 1484 1613 1546 velit
1654 1485 1842 1545 homo
1872 1482 2175 1565 justitiam

422 1568 731 1631 demereri.
800 1569 1052 1650 Jejunet
1097 1582 1299 1631 autem
1347 1569 1408 1629 in
1456 1568 1621 1630 hunc
1665 1569 1851 1628 finem
1898 1566 2177 1649 quilibet,

421 1663 494 1746 ut
521 1652 792 1713 fomenta
818 1652 980 1714 carni
1010 1652 1304 1727 detrahat,
1333 1663 1396 1713 et
1437 1651 1763 1713 ferventius
1805 1650 1946 1712 Deo
1987 1650 2176 1711 inser-

418 1746 563 1799 wat.

507 1816 756 1887 Quadra
833 1817 1043 1879 simale
1078 1816 1380 1899 jejunium
1427 1816 1739 1879 vetustatis
1785 1815 1970 1877 habet
2008 1814 2178 1877 testi·

418 1900 648 1976 monia,
692 1923 720 1961 s
847 1901 1012 1963 nulla
1060 1921 1136 1962 ex
1171 1900 1368 1961 'literis
1421 1899 1799 1983 apostolicis=
1858 1920 2005 1981 ergo
2048 1920 2174 1960 non

420 1982 622 2058 debet,
669 2006 783 2045 nec
839 1994 1042 2067 potest
1090 1982 1322 2066 imponi
1371 1982 1672 2043 fidelibus.
1764 1982 2016 2043 Certum
2062 1992 2174 2055 est,

415 2066 728 2147 quondam
769 2066 959 2128 varias
1002 2066 1186 2128 fuisse
1217 2064 1590 2146 jejuniorum
1637 2065 1861 2125 formas
1892 2064 1989 2125 vel
2029 2085 2176 2125 con-

420 2148 785 2210 suetudines.
873 2148 1055 2211 Unde
1104 2148 1368 2209 Irenoeus
1417 2147 1673 2231 scriptor
1713 2146 2174 2222 vetustissimus,

421 2239 456 2269 “
486 2231 806 2306 Quidam,”
837 2232 1054 2313 inquit,
1084 2241 1120 2268 “
1145 2242 1364 2314 putant
1396 2253 1517 2291 uno
1557 2243 1796 2291 tantum
1836 2229 1937 2291 die
1970 2230 2175 2291 obser-

418 2321 453 2350 “
483 2315 604 2376 vari
646 2315 864 2376 debere
892 2314 1219 2396 jejunium,
1248 2314 1350 2374 alii
1392 2314 1647 2386 duobus,
1677 2314 1776 2374 alii
1807 2334 1950 2374 vero
1988 2312 2175 2395 pluri-

417 2405 454 2435 “
485 2398 617 2472 bus,
645 2398 919 2460 nonnulli
949 2398 1131 2458 etiam
1164 2395 1560 2479 quadraginta
1589 2395 1820 2457 diebus.
1889 2396 2045 2464 Quae
2069 2417 2174 2457 va-

417 2486 455 2516 “
482 2480 659 2541 rietas
687 2480 1082 2542 observantiae
1113 2501 1232 2540 non
1272 2479 1489 2540 nostris
1526 2501 1690 2541 nunc
1727 2479 1978 2540 demum
2020 2490 2173 2539 tem-

414 2569 454 2622 .“
483 2562 731 2646 poribus
760 2562 969 2646 coepit,
998 2562 1100 2624 sed
1129 2562 1322 2623 multo
1349 2573 1489 2624 ante
1519 2584 1647 2636 nos,
1674 2583 1750 2622 ex
1781 2561 1918 2635 illis,
1938 2572 2010 2622 ut
2036 2562 2170 2646 opi·

417 2654 455 2682 “
486 2666 614 2719 nor,
642 2645 747 2727 qui
779 2668 899 2706 non
939 2645 1309 2728 simpliciter,
1337 2644 1499 2726 quod
1544 2646 1622 2706 ab
1664 2645 1837 2706 initio
1878 2643 2168 2707 traditum

416 2734 455 2766 “
479 2739 591 2803 est,
630 2739 927 2802 tenentes,
956 2728 1017 2789 in
1063 2728 1249 2789 alium
1297 2750 1548 2797 morem,
1572 2728 1670 2790 vel
1714 2749 1822 2811 per
1861 2727 2173 2823 negligen-

416 2817 452 2848 “
481 2811 653 2887 tiam,
694 2810 791 2874 vel
839 2833 948 2895 per
996 2810 1361 2893 imperitiam
1412 2810 1803 2894 postmodum
1846 2809 2172 2874 denudem?

415 2893 536 2956 Sed
566 2906 629 2958 et
665 2894 940 2956 Socrates
981 2894 1320 2967 historicus,
1348 2902 1384 2931 “
1407 2895 1569 2964 Quia
1612 2894 1791 2956 lectio
1833 2894 2047 2968 nulla,¹'
2075 2894 2169 2956 in-

415 2977 569 3058 quit,
596 2987 633 3015 ‘⁶
656 2977 732 3039 de
763 2978 880 3039 hoc
909 2977 1208 3039 invenitur
1236 2978 1503 3058 antiqua,
1526 2990 1676 3061 puto
1706 2977 2029 3061 apostolos,
2051 2977 2168 3041 hoc

413 3068 452 3097 “
481 3061 853 3144 singulorum
906 3060 1216 3143 reliquisse
1267 3061 1596 3135 sententiae,
1639 3073 1708 3123 ut
1749 3082 1907 3122 unus
1953 3059 2168 3143 uisque

414 3150 450 3181 ‘⁴
479 3155 778 3227 operetur,
805 3167 929 3207 non
965 3144 1180 3207 timore
1218 3156 1280 3206 et
1324 3144 1696 3220 necessitate,
1726 3142 1890 3226 quod
1909 3082 2166 3207 ‘imnum

415 3233 452 3263 “
481 3227 622 3289 est.”
1240 3267 1243 3271 -

419 3390 432 3402 .
477 3310 642 3404 ‚³⁸3¹
670 3332 812 3407 vero
853 3310 1018 3394 quod
1056 3311 1132 3374 ad
1174 3311 1477 3407 delectum
1520 3311 1793 3373 ciborum
1839 3307 2163 3403 attinessin

405 3395 1264 3554 ffddzlizdadigd?aegciorilng
1278 3394 2162 3570 ιξυὲεὲᾞὲἓῖἓὲῗίΐέωἱω,

416 3556 576 3617 unde
619 3559 891 3622 existunt
935 3562 1205 3623 fomenta
1248 3561 1433 3637 carni,
1464 3561 1591 3624 sive
1635 3560 1827 3644 pisces
1868 3570 2008 3632 sint,
2035 3557 2162 3619 sive

404 3659 643 3715 carnes,
671 3641 796 3703 sive
836 3657 1123 3718 aromata,
1139 3644 1445 3706 delitiaeve
1486 3655 1591 3706 aut
1631 3640 1974 3726 praestantia
2001 3640 2160 3703 vina.
