2418 4172
484 323 518 372 4
1125 323 1604 376 PROFESSIO

570 463 949 547 Apostolicas
985 479 1046 525 et
1084 465 1514 527 ecclesiasticas
1554 465 1923 539 traditiones,
1954 465 2238 546 reliquas-

488 569 607 627 que
627 546 894 628 ejusdem
916 547 1209 610 Ecclesiae
1231 548 1675 609 observationes
1698 560 1758 610 et
1781 547 2240 611 constitutiones

489 629 831 692 firmissime
858 629 1134 706 admitto,
1163 643 1225 692 et
1253 630 1603 714 amplector.

575 713 731 774 Item
758 736 983 775 sacram
1010 714 1379 796 Scriptorum
1402 715 1582 795 juxta
1604 736 1743 775 eum
1770 735 2034 784 sensum,
2055 734 2239 794 quem

492 797 686 857 tenuit
716 812 777 857 et
807 810 971 858 tenet
1010 810 1214 858 sancta
1260 811 1450 859 mater
1486 795 1778 869 Ecclesia,
1806 796 1978 875 cujus
2020 806 2111 855 est
2142 794 2247 875 ju-

493 878 690 940 dicare
715 879 808 963 *de
851 901 992 941 vero
1043 902 1217 941 sensu
1281 893 1342 941 et
1396 879 1883 963 interpretatione
1942 899 2242 957 sacrarum

494 962 957 1046 scripturarum,
985 963 1260 1037 admitte,
1290 985 1401 1023 nec
1429 985 1561 1023 eam
1596 983 1885 1044 umquam
1925 961 2037 1023 nisi
2065 960 2246 1040 juxta

493 1045 839 1106 unanimem
868 1068 1225 1107 consensum
1257 1046 1498 1106 Patrum
1532 1044 1845 1128 accipiam,
1866 1058 1925 1106 et
1956 1045 2247 1127 interpre-

494 1129 683 1188 tabor.

580 1212 871 1272 Profiteor
898 1233 1141 1293 quoque
1180 1226 1410 1295 septem
1449 1233 1578 1272 esse
1607 1232 1742 1270 vere
1771 1224 1833 1270 et
1872 1209 2112 1292 proprie
2139 1208 2248 1269 Sa-

496 1306 800 1356 cramenta
830 1316 1001 1354 novae
1030 1293 1199 1374 legis,
1222 1317 1255 1353 a
1275 1292 1423 1354 Jesu
1446 1290 1712 1365 Christo,
1735 1291 2008 1352 Domino
2026 1300 2251 1365 nostro,

498 1376 790 1447 instituta,
813 1389 993 1456 atque
1016 1375 1089 1436 ad
1121 1376 1374 1436 salutem
1409 1372 1945 1455 bumani'generis,
1964 1371 2108 1435 licet
2125 1394 2249 1454 non

496 1458 701 1520 omnia
731 1457 984 1538 singulis
1019 1458 1367 1532 necessaria,
1384 1457 1625 1519 scilicet
1653 1456 2064 1540 Baptismum,
2091 1452 2256 1516 Gon·

498 1541 922 1614 firmationem,
940 1540 1408 1613 Eucharistiam‚
1423 1540 1872 1615 Poenitentiam,
1892 1538 2251 1601 Extremam

503 1625 894 1695 Unctionem,
964 1623 1279 1694 Ordinem,
1343 1637 1404 1683 ct
1477 1623 1966 1694 Matrimonium,
2028 1621 2253 1704 illaque
2310 1647 2313 1651 ’

501 1708 753 1790 gratiam
801 1706 1091 1781 conferre,
1121 1724 1181 1767 et
1222 1729 1297 1767 ex
1339 1706 1431 1766 his
1471 1706 1884 1790 Baptismum,
1911 1703 2256 1766 Confirma-

500 1793 749 1864 tionem,
798 1804 858 1851 et
915 1790 1228 1863 Ordinem,
1270 1790 1403 1850 sine
1453 1789 1762 1870 sacrilegio
1818 1788 2080 1850 reiterari
2132 1809 2254 1861 non

502 1896 695 1959 posse.

588 1959 886 2041 Receptus
925 1981 1167 2041 quoque
1208 1974 1269 2020 et
1315 1960 1676 2043 approbatos
1706 1956 1996 2019 Ecclesiae
2025 1955 2256 2017 Catho-

503 2043 635 2103 lieae
677 2042 844 2114 ritus,
892 2043 951 2103 in
1000 2042 1477 2125 supradictorum
1518 2041 1792 2102 omnium
1840 2040 2257 2101 Sacramento·

454 2151 457 2153 *
502 2146 635 2187 rum
669 2126 921 2186 solemni
953 2126 1490 2197 administratione,
1521 2124 1762 2206 recipio,
1791 2135 1853 2183 et
1881 2121 2158 2184 admitto.

587 2209 812 2269 Omnia
859 2222 919 2269 et
967 2209 1220 2292 singula,
1264 2231 1400 2290 quoe
1443 2208 1519 2268 de
1567 2219 1815 2292 peccato
1858 2203 2156 2288 originali,
2196 2217 2259 2266 et

502 2291 578 2353 de
611 2292 1066 2371 justificatione,
1108 2293 1166 2352 in
1211 2304 1586 2352 sacrosancta
1624 2288 1979 2350 Tridentina
2009 2285 2259 2381 Synodo

501 2374 751 2436 definita
778 2388 840 2435 et
868 2374 1164 2435 declarata
1192 2374 1453 2447 fuerunt,
1485 2373 1834 2456 amplector,
1861 2383 1923 2432 et
1953 2369 2195 2453 recipio.

591 2458 880 2518 Profiteor
910 2457 1131 2540 pariter
1161 2458 1220 2519 in
1255 2457 1446 2517 Missa
1475 2455 1667 2516 offerri
1699 2455 1838 2515 Deo
1866 2475 2095 2525 verum,
2124 2475 2261 2536 pro-

506 2541 725 2623 prium,
769 2552 829 2600 et
883 2539 1360 2623 propitiatorium
1409 2539 1791 2611 sacrificium,
1836 2558 1945 2618 pro
1989 2536 2156 2609 vivis,
2197 2548 2261 2596 et

503 2623 823 2696 defunctis,
853 2636 1034 2704 atque
1079 2623 1139 2683 in
1185 2622 1564 2703 sanctissigno
1607 2619 2007 2681 Eucharistiae
2050 2619 2256 2679 Sacra·
2290 2675 2294 2681 ,

508 2721 715 2768 mento
758 2728 905 2779 esse,
933 2727 1088 2779 vere,
1128 2706 1379 2778 realiter,
1412 2718 1474 2765 et
1517 2703 2007 2775 substantialiter,
2044 2723 2260 2785 corpus

505 2801 569 2851 et
598 2789 972 2870 sanguinem,
1003 2811 1121 2849 una
1150 2810 1288 2849 cum
1321 2788 1539 2859 anima,
1571 2800 1630 2847 et
1659 2786 1974 2847 divinitate
2004 2783 2259 2846 Domini

508 2872 693 2934 nostri
715 2871 865 2932 Jesu
891 2871 1140 2943 Christi,
1168 2871 1415 2952 fierique
1439 2870 1890 2932 conversionem
1915 2868 2101 2930 totius
2121 2868 2263 2929 sub-

506 2955 744 3017 stantiae
779 2956 949 3037 panis
980 2955 1040 3016 in
1070 2976 1307 3038 corpus,
1336 2970 1396 3015 et
1425 2955 1607 3015 totius
1647 2952 1998 3013 substantiae
2037 2950 2157 3011 vini
2200 2950 2259 3010 in

509 3038 883 3120 sanguinem,
910 3059 1092 3119 quam
1138 3038 1589 3099 conversionem
1635 3035 1950 3097 Catholica
1989 3032 2263 3095 Ecclesia

504 3120 1235 3182 Transubstantiationem
1268 3143 1301 3181 a
1348 3121 1547 3203 pellat.
2108 3165 2122 3178 .

595 3203 813 3265 Fateor
860 3203 1041 3265 etiam
1101 3205 1214 3267 sub
1272 3225 1304 3264 a
1330 3216 1454 3265 tera
1503 3214 1757 3264 tantuma
1798 3200 2017 3284 specie,
2065 3212 2262 3261 totum

513 3302 692 3368 atque
738 3287 1036 3369 integrum
1081 3286 1416 3360 Christum,
1443 3306 1777 3366 verumque
1805 3284 2261 3345 Sacramentum

516 3391 692 3430 sumi.
2261 3392 2266 3397 ·

598 3454 958 3512 constanter
986 3468 1163 3514 teneo
1194 3454 1608 3536 purgatorium
1633 3474 1780 3524 esse,
1802 3450 2150 3528 animasque
2179 3446 2261 3506 ibi

515 3534 786 3595 detentas
818 3534 1087 3599 fidelium
1119 3537 1410 3618 suffrag-iis
1430 3536 1647 3616 juvari.

601 3616 890 3677 Similiter
933 3631 989 3677 et
1036 3633 1271 3679 sanctos
1318 3641 1437 3680 una
1466 3640 1605 3680 cuni
1637 3616 1883 3677 Christo
1927 3623 2261 3696 regnantes,
