2418 4172
619 690 1449 771 PRAEFATIO

998 896 1064 927 An

281 1056 745 1120 CAESAREM
794 1055 1270 1118 CAROLUM
1315 1057 1683 1129 QUINTU
1699 1059 1787 1119 M.

860 1255 1210 1296 *-

170 1389 783 1471 INVIC'I'ISSIME
834 1407 1174 1489 imperator,
1218 1407 1420 1468 Caesar
1467 1408 1760 1490 Auguste,
1804 1409 1911 1469 do-

168 1490 333 1551 mine
359 1490 843 1551 clementissime.
927 1490 1085 1550 Cum
1118 1490 1193 1550 V.
1224 1491 1296 1550 C.
1326 1491 1418 1550 M.
1450 1491 1731 1552 indixerit
1770 1514 1911 1551 con-

165 1584 413 1633 ventum
446 1573 685 1654 imperii
716 1574 1025 1653 Augustae,
1055 1584 1123 1632 ut
1160 1572 1521 1634 deliberetur
1558 1573 1634 1633 de
1673 1573 1910 1634 auxiliis

166 1664 374 1715 contra
416 1654 696 1727 Turcam,
740 1654 1198 1727 atrocissimum,
1228 1654 1695 1726 haereditarium,
1731 1666 1913 1735 atque

164 1747 426 1797 veterem
472 1735 798 1796 Christiani
859 1735 1119 1795 nominis
1169 1757 1237 1796 ac
1292 1736 1596 1818 religionis
1659 1737 1915 1811 hostem,

166 1817 476 1901 quomodo
516 1818 673 1879 illius
717 1818 943 1879 scilicet
981 1817 1163 1877 furori
1203 1829 1265 1878 et
1296 1820 1630 1893 conatibuS,
1658 1818 1915 1880 durabili

167 1913 231 1964 et
256 1912 548 1985 perpetuo
577 1902 720 1962 belli
752 1912 1061 1994 apparatu,
1091 1900 1280 1961 resisti
1324 1902 1554 1984 possit:
1599 1901 1815 1962 deinde
1855 1917 1917 1963 et

168 1983 246 2046 de
281 1982 750 2044 dissensionibus
790 2005 851 2043 in
894 2005 1074 2044 causa
1113 1994 1328 2045 nostrae
1359 1996 1583 2046 sanctae
1613 1984 1915 2066 religionis

170 2077 235 2128 et
270 2065 630 2127 Christianae
672 2065 849 2135 fidei;
889 2077 949 2126 et
993 2077 1060 2125 ut
1105 2066 1165 2125 in
1211 2066 1325 2126 hac
1369 2089 1547 2127 causa
1588 2067 1914 2150 religionis,

170 2149 434 2233 partium
465 2148 797 2231 opiniones,
827 2170 895 2208 ac
925 2148 1237 2208 sententiae
1266 2149 1422 2209 inter
1450 2171 1596 2222 sese,
1626 2149 1686 2210 in
1725 2150 1919 2211 chari-

172 2242 316 2305 tate,
342 2231 607 2306 lenitate,
636 2242 698 2291 et
736 2230 1195 2291 mansuetudine
1234 2242 1445 2292 mutua
1475 2231 1791 2292 audiantur
1818 2255 1918 2293 co-

172 2335 323 2389 ram,
350 2313 760 2395 intelligantur
786 2324 847 2373 et
869 2312 1292 2395 ponderentur,
1316 2325 1383 2374 ut
1413 2314 1548 2383 illis,
1572 2335 1707 2394 quae
1732 2315 1921 2376 utrin-

172 2418 293 2479 que
334 2395 397 2457 in
441 2395 746 2479 scripturis
790 2417 959 2456 secus
1002 2407 1254 2456 tractata
1292 2409 1395 2458 aut
1430 2396 1731 2458 intellecta
1760 2409 1921 2472 sunt,

173 2479 449 2564 sepositis
478 2490 539 2539 et
567 2479 866 2552 correctis,
890 2500 979 2538 res
1011 2478 1128 2539 illae
1153 2479 1225 2539 ad
1249 2501 1431 2539 unam
1456 2480 1796 2562 simplicem
1822 2503 1921 2542 ve-

173 2562 409 2624 ritatem
439 2573 502 2623 et
529 2561 936 2623 Christianam
967 2561 1347 2622 concordiam
1380 2575 1821 2645 componantur
1860 2575 1922 2624 et

171 2643 552 2719 reducantur,
595 2655 664 2706 ut
712 2643 787 2705 de
833 2656 1047 2705 caetero
1097 2666 1132 2705 a
1180 2645 1353 2705 nobis
1405 2667 1543 2720 uua,
1588 2645 1813 2705 sincera
1860 2659 1922 2706 et

175 2748 315 2788 vera
354 2727 564 2809 religio
608 2728 837 2788 colatur
878 2739 940 2788 et
982 2739 1263 2799 servetur,
1292 2739 1360 2789 ut
1403 2728 1918 2808 quemadmodum

178 2810 294 2870 sub
339 2830 462 2870 uno
504 2809 748 2870 Christo
796 2832 1003 2871 sumus
1054 2821 1115 2871 et
1173 2810 1522 2883 militamus,
1566 2810 1649 2871 ita
1693 2810 1753 2869 in
1801 2832 1920 2870 una

179 2891 364 2952 etiam
407 2891 654 2953 ecclesia
699 2892 1058 2967 Christiana,
1101 2892 1161 2953 in
1214 2893 1443 2954 unitate
1492 2906 1553 2953 et
1603 2892 1923 2953 concordia

181 2974 379 3035 vivere
405 2973 737 3057 possimus:

264 3054 546 3150 Cumque
563 3078 671 3116 nos
695 3055 843 3120 infra
861 3057 1085 3139 scripti,
1105 3058 1327 3118 elector
1354 3068 1415 3118 et
1488 3056 1762 3139 rincipes,
1779 3078 1918 3117 cum

184 3137 315 3199 aliis
357 3159 460 3219 qui
507 3138 676 3199 nobis
714 3138 1018 3218 conjuncti
1059 3151 1217 3213 sunt,
1247 3079 1492 3222 perimi}
1531 3153 1599 3200 ut
1635 3139 1731 3198 alii
1767 3139 1925 3200 elec-

183 3232 342 3281 tores
385 3233 446 3282 et
489 3220 788 3304 principes
822 3234 884 3282 et
912 3234 1099 3282 status
1129 3222 1201 3282 ad
1235 3223 1478 3304 praefata
1507 3221 1753 3282 comitia
1788 3243 1926 3283 evo-

184 3303 301 3366 eati
360 3303 566 3378 simus,
613 3315 679 3363 ut
721 3303 996 3364 Caesareo
1036 3304 1319 3364 mandato
1361 3303 1707 3364 obedienter
1755 3305 1925 3364 obse-

185 3407 524 3482 queremur,
582 3397 811 3446 mature
874 3385 1148 3446 venimus
1210 3387 1569 3468 Augustam,
1624 3397 1703 3459 et,
1759 3386 1922 3468 quod

185 3479 333 3613 atra
363 3468 717 3549 jactantiam
763 3467 992 3528 dictum
1036 3468 1335 3542 volumus,
1378 3468 1532 3529 inter
1571 3468 1797 3555 primos
1840 3470 1927 3532 af-

253 3572 429 3614 imus.

271 3632 427 3695 Cum
475 3633 656 3715 igitur
693 3633 767 3693 V.
808 3632 878 3693 C.
913 3632 1005 3693 M.
1042 3632 1417 3707 electoribus,
1447 3631 1836 3717 principibus,
1865 3646 1925 3696 et
2022 3684 2029 3688 .

1032 3736 1082 3775 Μ
1671 3755 1692 3762 ,

1691 3775 1723 3787 f
