2418 4172
443 350 549 404 180
1081 347 1548 404 CONFESSIO

835 530 1017 592 XIX.
1061 530 1171 594 De
1204 530 1409 595 Causa
1440 531 1714 594 Peccati.

447 639 599 721 DE
625 678 802 719 causa
830 657 1063 741 peccati
1093 656 1335 731 docent,
1363 657 1526 739 quod
1556 655 1795 717 tametsi
1827 654 2001 718 Deus
2032 666 2195 719 creat

446 751 509 802 et
551 751 859 802 conservat
901 751 1196 811 naturam,
1225 752 1431 802 tamen
1475 763 1654 801 causa
1697 738 1926 821 peccati
1965 749 2060 800 est
2086 760 2195 800 vo-

446 822 646 884 luntas
676 822 992 894 malorum,
1021 823 1300 900 videlicet
1325 823 1570 886 Diaboli
1596 835 1657 884 et
1687 822 2037 905 impiorum,
2057 842 2195 903 quoe

447 928 573 967 non
613 905 933 986 adjuvante
960 905 1099 967 Deo
1136 906 1348 967 avertit
1383 928 1446 966 se
1482 928 1516 967 a
1544 906 1702 979 Deo,
1731 905 1887 966 sicut
1914 903 2194 966 Christus

447 988 533 1052 ait
556 987 704 1051 Joh.
732 988 855 1050 viii.
918 988 1079 1050 Cum
1119 988 1388 1070 loquitur
1427 988 1831 1064 mendacium,
1858 1009 1935 1049 ex
1969 1008 2033 1048 se
2059 986 2196 1071 ipso

446 1072 728 1154 loquitur.
2174 1086 2187 1098 ⁹

882 1191 1027 1252 XX.
1071 1190 1177 1252 De
1204 1190 1398 1253 Bonis
1430 1191 1749 1274 Operibus.

448 1300 751 1382 FALSO
781 1326 1139 1378 accusantur
1166 1316 1374 1390 nostri,
1403 1316 1567 1398 quod
1597 1317 1759 1378 bona
1784 1337 1967 1399 opera
1983 1316 2199 1463 m

445 1401 647 1461 beant.
732 1399 900 1462 Nam
943 1399 1164 1482 scripta
1201 1420 1432 1470 eorum,
1462 1421 1599 1480 quoe
1633 1409 1848 1461 extant
1879 1397 1958 1460 de

443 1482 784 1566 praeceptis,
810 1493 872 1543 et
913 1482 1031 1544 alia
1068 1481 1252 1543 simili
1291 1493 1649 1565 argumento
1688 1492 2004 1558 testantur,
2031 1481 2198 1565 quod

444 1566 676 1628 utiliter
695 1565 1012 1628 docuerint
1036 1564 1113 1627 de
1140 1565 1430 1627 omnibus
1457 1566 1598 1627 vitae
1627 1565 1950 1648 generibus
1976 1576 2041 1628 et
2065 1564 2200 1628 offiss-

446 1649 575 1724 ciis,
598 1671 734 1730 quoe
776 1670 996 1731 genera
1036 1649 1195 1724 vitae,
1224 1670 1360 1729 quoe
1396 1671 1434 1709 o
1514 1671 1580 1710 ra
1615 1649 1680 1710 in
1718 1649 1990 1731 qualibet
2024 1670 2200 1711 voca·

446 1732 613 1794 tione
639 1732 779 1793 Deo
807 1732 1105 1815 placeant.
1189 1731 1291 1792 De
1329 1732 1433 1813 qui
1479 1753 1552 1792 us
1588 1732 1766 1793 rebus
1802 1732 1953 1793 olim
1980 1753 2197 1815 parum

445 1813 745 1877 docebant
785 1816 1257 1888 concionatores,
1284 1825 1526 1876 tantum
1563 1814 1819 1898 puerilia
1849 1825 1911 1875 et
1938 1835 2061 1876 non
2090 1836 2196 1876 ne-

446 1897 702 1960 cessaria
738 1920 919 1981 opera
955 1899 1272 1981 urgebant,
1297 1909 1370 1959 ut
1406 1909 1596 1960 certas
1624 1898 1821 1970 ferias,
1848 1908 2012 1959 certa
2034 1896 2199 1978 jeju-

445 1981 566 2055 nia,
594 1981 1012 2054 fraternitates,
1039 1980 1569 2064 peregrinationes,
1596 1981 1797 2042 cultus
1829 1991 2198 2056 sanctorum,

444 2064 685 2134 rosaria,
737 2063 1174 2125 monachatum
1229 2073 1292 2124 et
1340 2063 1579 2125 similia.
1666 2060 1825 2124 Hoec
1879 2061 2197 2125 advetusii

445 2148 634 2209 nostri
666 2145 962 2207 admoniti
992 2168 1156 2207 nunc
1183 2145 1522 2221 dediscunt‚
1551 2168 1666 2209 nec
1807 2145 1947 2207 ‘nde
1983 2145 2200 2230 pradis

444 2242 588 2291 cant
644 2230 775 2291 haec
829 2229 1071 2291 inutilia
1118 2251 1318 2312 opera,
1344 2242 1416 2291 ut
1457 2230 1625 2291 olim.
1841 2240 2004 2291 terea
2043 2228 2200 2291 inci·

443 2313 626 2397 piunt
668 2312 809 2374 fidei
854 2313 1229 2374 mentionem
1271 2314 1484 2388 facere,
1511 2313 1587 2374 de
1629 2335 1751 2396 qua
1785 2312 1935 2374 olim
1970 2311 2195 2374 mirum

443 2407 571 2457 erat
613 2395 941 2457 silentium.
1025 2395 1290 2470 Docent,
1319 2417 1430 2456 nos
1472 2418 1597 2457 non
1634 2407 1873 2457 tantum
1910 2394 2196 2477 operibus

435 2477 777 2559 justificari,
805 2477 907 2539 sed
938 2476 1325 2559 conjungunt
1353 2477 1537 2539 fidem
1567 2489 1630 2539 et
1656 2500 1857 2560 opera,
1877 2487 1943 2538 et
1965 2475 2198 2553 dicunt,

444 2581 555 2621 nos
586 2560 707 2622 fide
735 2571 797 2621 et
823 2560 1104 2642 operibus
1136 2558 1478 2640 justificari.
1562 2561 1717 2630 Quae
1744 2559 2020 2622 doctrina
2045 2560 2198 2622 tole-

444 2642 688 2706 rabilior
730 2653 820 2704 est
862 2643 1079 2725 priore,
1105 2654 1168 2703 et
1196 2643 1334 2725 plus
1362 2642 1567 2704 afferre
1600 2654 1800 2727 potest
1836 2642 2197 2706 consolatio-

444 2722 562 2800 nis,
589 2747 781 2808 quam
804 2736 976 2787 vetus
1004 2725 1274 2808 ipsorum
1303 2725 1594 2788 doctrina.

408 2887 411 2893 μ
530 2808 691 2870 Cum
722 2807 908 2891 igitur
933 2807 1206 2870 doctrina
1234 2807 1309 2870 de
1338 2808 1478 2883 fide,
1497 2830 1688 2952 dum
1718 2819 1959 2892 oportet
1993 2808 2059 2871 in
2095 2830 2196 2872 ec·

444 2891 628 2954 clesia
727 2891 1049 2974 roecipuam
1106 2914 1256 2967 esse,
1312 2903 1438 2954 tam
1541 2892 1603 2954 iu
1650 2891 1912 2972 jacuerit
1970 2890 2197 2975 ignota,

446 2913 966 3057 quemaXmodum
1009 2974 1177 3037 fateri
1224 2997 1436 3036 omnes
1487 2997 1728 3037 necesse
1777 2985 1887 3048 est,
1928 2973 2007 3037 de
2053 2974 2195 3050 fidei

434 3057 675 3139 justitia
717 3057 1078 3119 altissimum
1123 3057 1428 3119 silentium
1473 3057 1658 3120 fuisse
1690 3058 1752 3119 in
1782 3056 2197 3133 concionibus,

445 3152 686 3204 tantum
727 3140 1065 3203 doctrinam
1109 3163 1363 3224 operum
1405 3154 1698 3203 versatam
1742 3163 1874 3202 esse
1907 3141 1972 3202 in
2005 3141 2197 3204 ecclo-

449 3225 573 3299 siis,
601 3223 789 3286 nostri
818 3222 896 3285 de
924 3223 1044 3286 fide
1073 3224 1159 3286 sic
1189 3224 1635 3286 admonuerunt
1661 3224 1960 3286 ecclesias.
2103 3228 2106 3231 ’

531 3306 855 3391 Principio,
881 3306 1044 3389 quod
1086 3329 1268 3391 opera
1310 3319 1514 3370 nostra
1553 3330 1676 3369 non
1717 3306 1954 3391 possint
1985 3324 2196 3367 recon-

447 3389 649 3451 ciliare
678 3390 907 3466 Deum,
934 3401 1042 3453 aut
1075 3391 1292 3453 mereri
1332 3391 1747 3453 remissionem
1790 3398 2194 3473 poce-mrum,

448 3483 510 3532 et
550 3473 801 3554 gratiam
841 3489 903 3536 et
932 3473 1456 3554 justificationem,
1483 3473 1588 3536 sed
1618 3474 1776 3536 banc
1802 3478 2040 3533 tannim
2074 3467 2193 3531 fide

449 3555 895 3636 consequimur,
918 3555 1227 3619 credentes
1258 3556 1420 3640 quod
1450 3567 1695 3640 propter
1712 3552 2025 3617 Christum
2047 3550 2195 3614 reci·⁴

446 3635 687 3718 piamur
730 3637 791 3697 in
837 3638 1112 3717 gratiam,
1141 3640 1244 3719 qui
1290 3639 1451 3700 solus
1495 3637 1725 3720 positus
1763 3645 1854 3697 est
1888 3632 2194 3697 Mediator
