2418 4172
881 396 1288 454 BELGICA.
1845 402 1952 456 885

210 535 286 599 ad
327 536 445 599 Dei
496 539 867 600 voluntatem
915 563 1277 625 componere
1318 551 1381 603 et
1421 539 1789 602 conformem
1821 542 1953 604 red-

209 618 349 681 dere
378 635 598 704 posset.
683 622 908 684 Verum
941 646 1128 705 quum
1161 624 1223 684 in
1253 624 1479 685 honore
1507 633 1663 684 esset
1685 624 1954 701 nescivit,

207 712 270 763 et
317 706 732 766 excellentiam
781 727 953 766 suam
1001 728 1123 767 non
1172 705 1494 788 cognovit;
1538 704 1642 766 sed
1685 706 1950 788 seipsum

207 784 402 848 sciens
431 800 492 849 et
519 787 721 848 volens
747 799 1015 870 peccato,
1043 800 1104 847 et
1131 809 1241 870 per
1267 808 1637 867 consequens
1669 788 1843 848 morti
1881 811 1951 850 ac

208 869 613 931 maledictioni
657 868 944 948 subjecit:
995 868 1141 930 dum
1192 869 1439 931 Diaboli
1491 870 1683 931 verbis
1730 881 1791 931 et
1842 871 1953 932 im-

203 951 464 1034 posturis
493 973 696 1013 aurem
726 952 998 1034 praebens
1022 951 1372 1013 mandatum
1397 952 1532 1013 vitae
1553 964 1951 1035 transgressus

203 1042 316 1108 est,
343 1031 506 1116 quod
550 1057 585 1095 a
622 1034 895 1095 Domino
938 1047 1285 1118 acceperat;
1331 1057 1513 1116 seque
1554 1058 1588 1096 a
1615 1035 1754 1096 Deo
1788 1037 1951 1114 (vera

202 1114 391 1211 ipsius
431 1116 580 1196 vita)
623 1117 858 1200 penitus
898 1117 1204 1192 subduxit,
1236 1130 1416 1199 atque
1459 1118 1837 1191 abalienavit,
1865 1118 1952 1179 vi-

202 1207 351 1261 tiata
396 1200 668 1275 omnino,
711 1211 893 1280 atque
935 1214 1212 1283 corrupta
1254 1223 1360 1283 per
1395 1212 1714 1294 peccatum
1763 1202 1950 1284 ipsius

203 1291 454 1344 natura:
509 1304 632 1364 quo
680 1282 906 1343 factum
954 1295 1064 1356 est,
1116 1295 1182 1343 ut
1233 1294 1409 1343 morti
1458 1295 1588 1344 tum
1636 1305 1737 1344 cor
1820 1306 1952 1359 reae,

202 1374 337 1425 tum
395 1365 684 1447 spirituali
744 1388 871 1426 sese
918 1366 1251 1426 obnoxium
1304 1365 1641 1427 reddiderit.
1768 1378 1950 1448 taque

204 1445 517 1531 improbus
563 1460 744 1529 atquc
794 1470 1102 1530 perversus
1146 1448 1408 1522 effectus,
1446 1449 1504 1509 in
1550 1449 1781 1530 viisque
1826 1449 1948 1511 suis

200 1530 486 1591 omnibus
522 1543 582 1591 et
611 1529 823 1591 studiis
852 1543 1166 1614 corruptus
1196 1531 1477 1613 praeclara
1506 1531 1606 1591 illa
1633 1531 1792 1592 dona
1820 1554 1951 1592 om-

202 1611 304 1673 nia
332 1613 552 1687 amisit,
580 1614 800 1693 quibus
832 1613 999 1673 illum
1031 1626 1378 1674 ornaverat:
1422 1612 1571 1674 adeo
1595 1625 1661 1674 ut
1683 1636 1803 1674 non
1834 1614 1946 1675 nisi

201 1694 436 1776 exiguae
474 1694 713 1754 illorum
754 1694 1025 1755 scintillae
1054 1707 1116 1755 et
1142 1695 1392 1774 vestigia
1421 1695 1600 1755 exilia
1627 1695 1712 1755 illi
1744 1695 1949 1756 relicta

200 1787 359 1850 sunt,
386 1797 521 1858 quoe
560 1787 762 1837 tamen
801 1777 1099 1837 sufficiant
1128 1776 1200 1836 ad
1233 1777 1667 1837 inexcusabiles
1700 1776 1951 1838 redden-

197 1856 308 1919 dos
351 1858 645 1933 homines,
680 1858 823 1940 quia
872 1858 1163 1939 quicquid
1212 1858 1274 1918 in
1326 1859 1499 1919 nobis
1542 1871 1633 1919 est
1675 1859 1846 1934 luciS,
1885 1861 1946 1921 in

198 1962 386 2004 caecas
427 1943 702 2003 tenebras
747 1943 816 2002 fit
858 1963 1234 2016 conversum,
1272 1954 1342 2002 ut
1383 1947 1445 2002 et
1486 1941 1778 2024 scriptura
1821 1944 1949 2026 ipsa

199 2022 379 2086 docet
404 2023 628 2097 dicens,
657 2024 800 2084 Lux
836 2025 900 2084 in
938 2025 1205 2086 tenebris
1233 2024 1412 2100 lucet,
1442 2034 1501 2086 et
1529 2025 1785 2086 tenebrae
1815 2048 1948 2087 eam

199 2128 320 2168 non
347 2106 941 2189 comprehenderunt.
1011 2107 1108 2168 Ibi
1139 2105 1302 2167 enim
1329 2108 1596 2169 Joannes
1634 2107 1948 2170 manifeste

200 2190 478 2251 homines
515 2190 791 2251 tenebras
826 2200 1021 2250 vocat.
1104 2189 1338 2251 Idcirco
1366 2211 1746 2271 quaecunque
1773 2190 1850 2251 de
1877 2191 1949 2252 li-

199 2273 346 2334 bero
381 2273 643 2334 hominis
682 2272 926 2333 arbitrio
963 2271 1296 2347 traduntur,
1324 2294 1394 2333 ea
1420 2295 1529 2333 nos
1558 2274 1773 2334 merito
1808 2273 1945 2354 rejia

200 2355 412 2431 cimus,
456 2376 644 2437 quum
691 2356 740 2415 is
784 2355 861 2415 sit
903 2377 1106 2415 servus
1149 2355 1413 2437 peccati:
1459 2355 1730 2436 nihilque
1766 2377 1843 2417 ex
1882 2378 1949 2417 se

196 2441 389 2533 possit
417 2437 621 2511 hom0,
644 2438 757 2498 nisi
786 2437 996 2498 datum
1028 2438 1106 2498 sit
1133 2438 1217 2498 illi
1248 2437 1324 2499 de
1352 2438 1528 2500 coelo‚
1598 2439 1752 2508 Quis
1780 2439 1944 2500 enim

188 2532 418 2602 jactare
442 2520 659 2582 audeat
680 2543 743 2581 se
763 2542 1139 2601 quaecunque
1168 2521 1423 2581 voluerit
1451 2532 1731 2603 praestare
1751 2543 1946 2618 posse,

198 2625 388 2686 quum
432 2603 709 2665 Christus
752 2603 880 2686 ipse
922 2602 1121 2664 dicat:
1164 2602 1363 2665 Nemo
1392 2612 1596 2685 potest
1631 2626 1840 2666 ventre
1866 2605 1953 2665 ad

197 2708 312 2761 me,
337 2687 459 2748 nisi
497 2685 700 2748 Pater
739 2708 926 2760 meus’,
955 2687 1062 2770 qui
1102 2708 1198 2748 me
1233 2687 1418 2760 misit,
1448 2688 1712 2748 traxerit
1752 2709 1888 2748 eum
1908 2688 1949 2747 Ρ

199 2768 354 2838 Quis
401 2769 770 2830 voluntatem
822 2792 993 2830 suam
1036 2780 1316 2844 ostentet,
1343 2770 1447 2851 qui
1491 2769 1693 2830 audiat
1735 2791 1946 2830 omnes

199 2850 393 2912 carnis
415 2851 657 2913 affectus
680 2852 1024 2913 inimicitias
1056 2874 1184 2913 esse
1214 2852 1493 2913 adversus
1515 2852 1719 2912 Deum
1744 2853 1765 2911 ?
1809 2851 1946 2932 quis

197 2933 277 2994 de
316 2933 711 3017 intelligentia
753 2957 862 2995 sua
899 2934 1266 3016 gloriabitur,
1294 2934 1398 3016 qui
1435 2934 1582 2995 sciat
1620 2933 1943 2995 animalem

201 3015 508 3077 hominem
555 3038 676 3077 non
715 3038 844 3077 esse
881 3039 1162 3100 capacem
1200 3040 1409 3079 eorum
1439 3039 1574 3097 quae
1604 3028 1746 3077 sunt
1774 3016 1947 3100 spiri-

200 3110 298 3160 tus
326 3098 491 3160 Dei?
535 3100 596 3160 in
640 3091 878 3160 summa
915 3100 1051 3180 quis
1087 3100 1180 3160 vel
1217 3100 1400 3161 ullam
1433 3121 1603 3160 suam
1633 3099 1947 3182 cogitatio-

200 3203 337 3243 nem
371 3181 430 3242 in
460 3180 728 3242 medium
758 3181 1036 3276 proferat,
1064 3183 1169 3263 qui
1199 3182 1495 3264 intelligat
1523 3204 1633 3242 nos
1665 3204 1786 3242 non
1814 3204 1944 3244 esse

200 3264 447 3325 idoneos
485 3285 562 3325 ex
591 3263 911 3346 nobisipsis
941 3263 1016 3325 ad
1045 3264 1432 3347 cogitandum
1465 3265 1605 3346 quic
1650 3286 1811 3338 uam,
1838 3264 1944 3326 sed

199 3346 362 3430 quod
404 3346 602 3407 idonei
641 3368 868 3420 sumus,
896 3345 956 3407 id
995 3368 1177 3407 omne
1210 3368 1284 3407 ex
1316 3346 1453 3406 Deo
1480 3369 1607 3406 esse
1692 3346 1941 3408 Certum

198 3452 340 3511 ergo
369 3441 429 3490 et
456 3431 698 3490 firmum
731 3450 970 3489 manere
997 3440 1232 3511 oportet
1260 3428 1420 3509 quod
1445 3429 1748 3511 apostolus
1768 3428 1943 3505 dixit,

199 3513 407 3574 Deum
445 3535 589 3587 esse,
618 3512 726 3594 qui
763 3509 948 3595 efficit
985 3511 1052 3572 in
1094 3511 1263 3572 nobis
1298 3519 1356 3572 et
1390 3520 1461 3572 ut
1496 3510 1749 3573 velimus
1787 3521 1847 3573 et
1872 3521 1945 3574 ut

200 3593 551 3681 efficientia-5,
587 3617 706 3676 pro
749 3595 1038 3678 gratuita
1082 3616 1196 3655 sua
1248 3593 1670 3655 benevolentia.
1756 3594 1945 3657 Nulla

200 3678 359 3740 enim
401 3701 592 3752 mens,
621 3678 787 3738 nulla
825 3677 1097 3739 voluntas
1128 3676 1245 3738 Dei
1278 3677 1567 3739 voluntati
1598 3677 1944 3758 acquiescit,
2011 3687 2019 3690 “
