2418 4172
552 380 661 437 290
1185 379 1663 435 CONFESSIO

559 521 648 583 uti
703 531 766 583 et
821 520 1041 582 diaboli
1102 533 1322 583 norunt
1371 522 1735 604 symbolum,
1762 519 1867 582 sed
1893 521 2291 606 Evangelium

560 603 825 687 postulat
862 604 1017 665 hanc
1054 626 1251 665 veram
1297 604 1501 679 fidem,
1527 626 1667 685 quae
1695 614 1787 664 est
1812 602 2031 666 fiducia
2068 604 2297 667 miseri-

558 686 773 748 cordiae
804 699 1043 770 propter
1071 686 1293 748 Filium
1325 687 1442 748 Dei
1474 687 1799 769 promissae,
1826 697 1888 746 et
1916 687 2295 768 acquiescens

558 769 622 830 in
651 769 808 831 Filio
829 770 968 843 Dei,
991 791 1128 851 quae
1161 770 1392 849 inquit:
1437 769 1634 830 Credo
1656 768 2063 830 remissionem
2086 790 2298 852 pecea-

559 862 757 913 torum
788 852 939 913 mihi
969 874 1211 946 quoque
1234 852 1379 927 dari,
1401 865 1462 912 et
1482 851 1727 932 quidem
1752 852 1952 932 gratis,
1975 873 2097 911 non
2119 872 2299 934 prop-

559 944 651 995 ter
693 956 889 996 meam
934 934 1376 1010 mutationem,
1406 957 1524 995 non
1565 947 1807 1018 propter
1847 934 1969 994 ulla
2004 955 2140 994 mea
2172 954 2298 993 me-

558 1017 691 1091 rita,
720 1017 822 1078 sed
860 1028 1103 1099 propter
1129 1016 1354 1078 Filium
1387 1017 1526 1086 Dei,
1555 1017 1660 1097 qui
1700 1018 1994 1079 immensa
2033 1016 2297 1077 bonitate

560 1110 622 1159 et
664 1099 954 1179 sapientia
995 1097 1321 1160 divinitatis
1365 1100 1726 1160 constitutus
1768 1113 1860 1159 est
1904 1096 2198 1159 mediator
2236 1109 2300 1158 et

559 1180 948 1263 propitiator;
1001 1180 1126 1239 scio
1170 1180 1521 1242 mandatum
1569 1180 1686 1241 Dei
1730 1203 1859 1241 esse
1901 1179 2298 1251 immutabile,

559 1273 629 1323 ut
666 1262 883 1343 singuli
924 1262 985 1321 in
1027 1261 1120 1321 his
1154 1261 1456 1323 doloribus
1485 1272 1751 1323 statuant
1778 1285 1842 1323 se
1868 1273 2031 1323 certo
2099 1284 2166 1323 ro
2209 1274 2300 1324 ter

559 1366 699 1404 eum
745 1344 949 1425 recipi.
1037 1343 1194 1404 Haec
1243 1355 1334 1404 est
1376 1343 1613 1427 propria
1659 1365 1780 1404 vox
1821 1342 2071 1426 Evange
2092 1344 2155 1418 ii,
2225 1366 2299 1404 oe

558 1426 866 1487 decretum
899 1448 973 1487 ex
1004 1426 1139 1487 sinu
1165 1426 1370 1487 aeterni
1394 1426 1588 1487 Patris
1616 1426 1916 1509 prolatum
1943 1436 2037 1487 est
2062 1447 2170 1508 per
2195 1424 2301 1488 Fi·

561 1508 730 1583 lium,
759 1521 824 1569 et-
862 1509 1152 1590 sanguine
1195 1520 1257 1569 et
1298 1508 1725 1570 resurrectione
1753 1509 1880 1588 ejus
1914 1508 2297 1590 obsignatum

558 1604 667 1653 est.
755 1592 922 1653 Huic
964 1592 1256 1652 voluntati
1301 1603 1363 1652 et
1403 1591 1642 1652 decreto
1684 1592 1844 1652 nolle
1881 1589 2182 1666 adsentiri,
2208 1602 2301 1652 est

558 1685 942 1735 contemnere
972 1674 1193 1734 Filium
1224 1674 1364 1735 Dei.
1450 1674 1535 1734 Et
1573 1674 1648 1734 de
1684 1675 1799 1735 hoe
1827 1685 2075 1757 peceato
2102 1673 2164 1733 in
2212 1673 2300 1735 uit

557 1758 737 1818 Joan.
768 1779 900 1838 cap.
927 1756 1007 1816 iii.
1045 1758 1173 1820 Qui
1199 1778 1317 1818 non
1347 1757 1537 1817 credit
1564 1756 1742 1831 Filio,
1763 1756 2027 1818 manebit
2053 1756 2152 1827 ira
2287 1755 2302 1768 ’

556 1861 739 1921 super
795 1861 949 1899 eum.
1034 1838 1152 1899 Sed
1194 1840 1305 1919 ¹qui
1363 1838 1551 1900 credit
1608 1838 1720 1899 sibi
1770 1838 1994 1899 remitti
2053 1848 2300 1920 peecata

561 1934 806 2006 propter
848 1922 1011 1981 bunc
1053 1921 1464 1995 mediatorem,
1481 1922 1614 2000 jam
1647 1932 1811 1982 certo
1845 1921 2068 2004 accipit
2093 1921 2300 1981 remis-

558 2005 786 2065 sionem
833 2015 1235 2086 peccatorum,
1279 2014 1521 2084 propter
1564 2003 1899 2075 Christum,
1939 2002 2045 2082 qui
2087 2001 2297 2064 efficax

557 2098 649 2147 est
677 2088 735 2147 in
767 2109 858 2159 eo,
889 2098 950 2145 et
987 2086 1249 2146 vivificat
1293 2097 1355 2145 et
1396 2084 1731 2145 sanctificat
1762 2106 1904 2145 eum
1934 2083 2166 2167 Spiritu
2191 2105 2302 2146 suo

558 2171 814 2230 Sancto:
859 2180 920 2228 et
948 2168 1361 2228 reconciliatus
1378 2165 1531 2247 jam,
1559 2179 1721 2228 certo
1755 2178 2064 2250 reputatur
2079 2167 2303 2247 jusms,

602 2262 799 2334 ropter
867 2250 1279 2325 mediatorem,
1335 2261 1397 2311 et
1452 2262 1542 2311 est
1599 2251 1788 2310 haeres
1845 2250 1986 2311 vitae
2044 2262 2301 2311 aeternae.

557 2275 742 2395 {iane
800 2334 1191 2395 necessariam
1251 2333 1719 2394 consolationem
1780 2333 1843 2393 in
1899 2331 2172 2394 doctrina
2224 2332 2303 2394 de

558 2417 941 2478 conversione
970 2417 1063 2478 vel
1094 2416 1370 2476 omittere
1400 2417 1493 2476 vel
1524 2438 1922 2498 eorrumpere,
1950 2416 2044 2476 vel
2079 2414 2304 2499 impro-

557 2501 718 2572 bare,
738 2510 829 2559 est
859 2498 1172 2559 manifeste
1200 2498 1397 2558 delere
1425 2498 1848 2579 Evangelium.
1918 2496 2018 2558 De
2040 2497 2152 2558 hac
2181 2496 2301 2558 fide

558 2591 620 2641 et
657 2581 1168 2641 commonefacere
1210 2603 1318 2640 nos
1356 2580 1651 2640 absolutio
1680 2579 1879 2654 debet,
1907 2592 1968 2640 et
1995 2600 2128 2641 eam
2159 2600 2303 2641 oon-

560 2665 814 2724 firmare.
898 2663 1067 2723 Sicut
1094 2664 1559 2723 confirmabatur
1586 2661 1808 2737 David,
1837 2661 2041 2723 audita
2066 2662 2303 2724 absolu—

557 2747 742 2820 tione,
803 2745 1102 2806 Dominus
1156 2745 1407 2806 abstulit
1461 2753 1776 2825 peccatum
1825 2754 2042 2806 tuum.-
2102 2744 2186 2805 ita
2232 2756 2301 2806 tu

559 2829 707 2890 scias
751 2828 861 2889 tibi
906 2849 1147 2909 quoque
1189 2827 1535 2889 annunciari
1575 2827 1987 2889 remissionem
2025 2838 2303 2911 peccato-

557 2933 713 2986 rum,
742 2932 879 2992 quae
910 2910 970 2970 in
1001 2911 1373 2972 absolutione
1403 2910 1510 2971 tibi
1543 2910 1899 2971 nominatim
1932 2909 2302 2993 proponitur.

558 2993 702 3054 Non
746 2996 955 3076 fingas,
993 2993 1143 3054 nihil
1189 2993 1262 3054 ad
1312 3005 1371 3053 te
1415 2993 1709 3075 pertinere
1738 2992 2161 3136 Evanqelium‚
2197 2990 2301 3054 sed

560 3077 711 3137 scias
756 3075 889 3137 ideo
932 3075 1161 3139 editum
1208 3098 1353 3148 esse,
1386 3088 1453 3136 ut
1492 3076 1606 3137 hoe
1649 3075 1831 3136 modo
1864 3098 1929 3137 sa
1953 3087 2167 3137 ventur
2195 3075 2303 3137 bo-

561 3160 773 3234 mines,
794 3158 910 3220 fide
932 3159 1362 3241 amplectentes
1382 3158 1780 3240 Evangelium
1805 3182 1821 3219 z
1865 3170 1926 3220 et
1948 3156 2299 3220 mandatum

559 3242 678 3303 Dei
716 3252 1006 3303 oeternum
1046 3253 1106 3302 et
1147 3242 1471 3303 immotum
1511 3264 1659 3317 csse,
1688 3254 1756 3302 ut
1783 3241 1839 3302 ei
1868 3240 2089 3307 credas.
2177 3237 2298 3310 Qui

559 3348 678 3387 non
722 3326 834 3386 hac
873 3323 992 3385 fide
1033 3325 1418 3407 amplectitur
1444 3324 1844 3406 evangelium,
1872 3322 1979 3385 sed
2005 3332 2209 3386 manet
2236 3321 2296 3381 in

557 3407 950 3480 dubitatione,
979 3405 1195 3468 frustra
1224 3406 1391 3469 audit
1421 3407 1879 3469 absolutionem.

641 3491 799 3552 Cum
844 3490 956 3550 hac
992 3489 1398 3551 consolatione
1432 3489 1611 3552 corda
1640 3489 2031 3559 vivificantur,
2057 3494 2120 3545 et
2159 3496 2298 3545 sunt

549 3574 674 3650 jam
723 3571 1098 3634 domicilium
1147 3573 1287 3646 Dei,
1331 3584 1490 3634 certe
1532 3586 1593 3633 et
1639 3592 1852 3633 novam
1895 3564 2297 3629 obedientiam

561 3654 821 3714 inchoari
857 3676 1097 3714 necesse
1126 3666 1235 3729 est,
1267 3668 1330 3715 ut
1376 3676 1554 3735 supra
1593 3652 1821 3713 dictum
1864 3664 1972 3710 est.
2060 3649 2139 3709 At
2170 3648 2299 3710 red·

2384 3568 2407 3671 2

2386 3675 2401 3738 ὲ

2351 3748 2413 4172 ξ
