2418 4172
242 877 571 976 NIHIL
605 908 676 975 in
709 907 838 975 hac
870 906 1177 998 Sylloges
1214 906 1518 976 editione
1557 910 1995 990 mutavimuS‚

241 1018 373 1086 nisi
427 1020 616 1110 quod
674 1017 1140 1088 Confessionis
1188 1021 1616 1111 Augustanae
1668 1023 1997 1091 formulas

240 1131 414 1200 duas
445 1133 897 1210 inseruimus3
946 1133 1241 1223 primam
1276 1154 1524 1224 nempe
1555 1156 1715 1223 quae
1746 1133 1996 1204 Carolo

241 1235 493 1335 Quinto
514 1242 925 1335 Imperatori
953 1245 1025 1311 in
1050 1244 1346 1312 comitiis
1372 1246 1798 1335 Augustanis
1830 1250 1994 1315 anni

249 1360 428 1423 1330
478 1352 787 1423 exhibita
834 1366 954 1434 est,
998 1365 1071 1422 et
1118 1377 1278 1444 quae
1322 1355 1784 1448 Vitembergae
1841 1380 1997 1450 pro-

244 1469 380 1538 diit
413 1491 599 1536 anno
630 1466 944 1559 proxime
987 1477 1359 1557 sequente3
1409 1467 1697 1535 alteram
1738 1469 1995 1538 deinde

243 1603 286 1647 a
343 1578 839 1647 Melancthone
889 1579 1239 1658 variatam,
1289 1603 1447 1668 quae
1513 1581 1586 1646 in
1652 1580 1998 1672 colloquio

244 1687 739 1756 wormatiensi
770 1689 938 1755 anni
979 1695 1157 1755 1540
1190 1687 1499 1756 exhibita
1531 1690 1777 1757 eodem
1814 1713 1998 1759 anno

244 1801 712 1892 Vitembergae
745 1799 1005 1892 publici
1032 1800 1212 1891 juris
1245 1800 1426 1867 facta
1458 1811 1582 1868 est.

336 1914 515 1982 Satis
542 1914 863 1981 omnibus
890 1924 1138 1981 notum
1164 1923 1286 1993 est,
1305 1914 1765 1981 mutationem
1789 1938 1830 1981 a
1850 1914 2002 1982 Me-

243 2025 617 2096 lancthone
648 2027 901 2095 factam
934 2026 1277 2092 variarum
1310 2026 1494 2092 inter
1528 2026 2000 2095 protestantes

248 2140 642 2208 Germaniae
690 2139 1307 2207 controversiarum
1355 2141 1716 2207 materiam
1756 2165 2003 2231 suppe-

248 2252 520 2320 ditasse.
617 2253 726 2319 De
783 2253 1036 2342 quibus
1093 2252 1570 2320 controversiis
1621 2254 2004 2344 disceptare

249 2387 376 2432 nec
407 2363 619 2455 hujus
651 2362 781 2431 loci
819 2388 946 2432 nec
978 2365 1307 2455 temporis
1346 2375 1466 2432 est.
1563 2365 1671 2433 Eo
1719 2366 2002 2433 tandem

249 2499 356 2544 ταῦ
398 2476 623 2556 rediit,
657 2486 739 2543 ut
772 2475 1159 2543 Lutherani
1205 2477 1577 2557 invariatae,
1610 2478 1732 2567 qui
1771 2501 1933 2545 vero
1965 2501 2004 2546 e

251 2588 686 2680 Zuinglianis
729 2588 1249 2658 Confessionem
1289 2591 1769 2682 Augustanam
1820 2614 2007 2660 acce-

250 2713 515 2794 perant,
548 2703 829 2771 variatae
861 2703 1179 2773 formulae
1212 2704 1663 2772 adhaererent.

344 2816 615 2891 Quibus
662 2827 897 2884 autem
945 2818 1328 2885 rationibus
1371 2828 1603 2885 motus
1647 2818 1833 2908 prior
1876 2816 2006 2883 hu-

242 2929 439 3019 jusce
462 2926 768 3018 Sylloges
802 2928 1053 2996 Editor
1078 2930 1409 2997 variatam
1443 2940 1721 2997 tantum
1746 2930 2006 2996 formu-

251 3035 392 3104 lam
414 3038 701 3119 dederit,
726 3062 862 3106 non
900 3039 1063 3106 satis
1095 3038 1359 3131 liquet;
1409 3041 1483 3107 id
1516 3041 1702 3108 enim
1733 3039 2006 3130 procul-

253 3147 467 3216 dubio
504 3150 934 3239 propositum
979 3150 1105 3217 sibi
1151 3150 1399 3218 habuit
1443 3162 1525 3219 ut
1567 3176 1806 3220 omnes
1839 3154 2005 3221 Pro-

255 3260 662 3327 taetantium
706 3262 1019 3327 omnium
1051 3262 1530 3330 Confessiones
1574 3265 2005 3356 incorruptas

256 3397 420 3442 sane
462 3384 535 3442 et
575 3374 909 3464 genuinas
941 3377 1014 3443 in
1048 3400 1294 3443 manus
1322 3375 1748 3444 Clerioorum
1782 3380 2007 3448 trade-

257 3499 384 3557 ret.
482 3487 831 3556 Credibile
887 3499 992 3557 est
1055 3490 1270 3580 igitur
1334 3489 1535 3556 illum
1599 3491 2005 3559 invariatam

260 3601 688 3693 Augustanae
720 3601 1185 3670 Confessionis
1224 3601 1592 3670 formulam
1624 3613 1748 3670 aut
1772 3604 2008 3673 incon-

1075 3736 1116 3780 a
1147 3720 1190 3780 2

1682 3846 1714 3857 l
