2418 4172
630 664 1487 748 PRAEFATIO.

176 1044 254 1107 In
280 1045 517 1107 nomine
533 1045 788 1108 Domini
817 1051 876 1105 et
900 1042 1248 1186 Seratore's
1276 1040 1473 1102 nostri
1486 1038 1650 1100 Jesu
1674 1037 1922 1114 Christi,

1003 1147 1154 1186 men.

179 1232 467 1314 INTER
503 1252 783 1346 plurima,
813 1271 945 1330 quae
975 1248 1281 1310 Dominus
1319 1260 1377 1308 et
1417 1247 1694 1309 Servator
1721 1258 1923 1308 noster

173 1335 354 1397 Jesus
381 1335 661 1395 Christus
692 1333 975 1394 militanti
1007 1354 1126 1392 suoe
1156 1330 1442 1392 Ecclesiae
1473 1331 1533 1390 in
1568 1330 1680 1391 hac
1707 1352 1922 1391 aerum-

175 1439 321 1478 nosa
364 1439 504 1501 pere
601 1416 842 1477 natione
885 1414 1051 1475 dedit
1087 1414 1315 1488 solatia,
1346 1413 1560 1474 merito
1589 1413 1922 1474 celebratur

174 1499 347 1575 illud,
375 1439 594 1583 quoffn
605 1500 620 1559 i
654 1499 725 1559 ad
760 1499 995 1558 Patrem
1038 1519 1210 1557 suum
1258 1497 1320 1557 in
1365 1497 1607 1556 coeleste
1648 1501 1923 1556 sanctua-

174 1581 332 1644 rium
384 1582 654 1644 abiturus
694 1581 967 1661 reliquit:
1011 1578 1170 1662 Ege,
1212 1579 1510 1659 inquiens,
1549 1601 1683 1639 sum
1726 1578 1920 1639 vobis-

176 1685 313 1726 cum
367 1665 640 1727 omnibus
697 1663 907 1724 diebus
961 1683 1152 1743 usque
1217 1662 1302 1728 ad
1354 1662 1920 1722 consummationem

172 1746 392 1810 saculi.
479 1746 685 1826 Hujus
715 1745 1080 1806 suavissimoe
1154 1743 1522 1804 remissionis
1552 1743 1767 1803 veritas
1795 1743 1922 1803 elu-

174 1840 272 1891 cet
308 1830 371 1891 in
398 1830 674 1891 omnium
703 1839 1044 1910 temporum
1170 1826 1365 1900 clesia,
1396 1847 1531 1906 quae
1569 1846 1759 1905 quum
1797 1847 1920 1886 non

174 1912 371 1974 solum
414 1924 619 1995 aperta
659 1910 1038 1971 inimicorum
1069 1908 1369 1982 violentia,
1397 1920 1459 1968 et
1502 1908 1918 1969 baereticorum

176 1995 505 2078 impietate,
533 1993 636 2054 sed
671 1993 852 2053 etiam
883 2003 1089 2074 operta
1118 1991 1498 2051 seductorum
1530 1990 1750 2051 astutia
1780 1990 1920 2052 inde

177 2078 255 2139 ab
283 2077 455 2139 initio
482 2076 661 2137 fuerit
687 2086 1052 2158 oppugnata,
1083 2097 1246 2145 sane,
1275 2073 1324 2133 si
1368 2094 1634 2154 unquam
1677 2074 1918 2135 salutari

221 2160 483 2220 romissae
525 2181 646 2220 suae
688 2157 1020 2240 praesentiae
1062 2155 1337 2239 praesidio
1375 2178 1506 2215 eam
1553 2154 1921 2217 destituisset

281 2243 503 2316 minus,
551 2240 782 2324 pridem
842 2250 946 2300 aut
993 2239 1051 2299 vi
1108 2250 1499 2321 tyrannorum
1556 2237 1767 2299 fuisset
1813 2261 1922 2322 op-

218 2347 395 2399 ressa,
424 2336 529 2386 aut
570 2322 775 2384 fraude
819 2323 1214 2404 impostorum
1262 2321 1324 2382 in
1364 2320 1615 2381 exitium
1655 2320 1918 2383 seducta.

175 2348 295 2469 gad
344 2409 536 2469 bonus
578 2406 680 2467 ille
725 2406 950 2479 Pastor,
978 2404 1083 2485 qui
1128 2425 1369 2486 gregem
1419 2425 1616 2478 suum,
1643 2426 1754 2487 pro
1797 2426 1920 2485 quo

175 2490 442 2552 animam
486 2511 654 2551 suam
699 2488 919 2571 posuit,
954 2486 1434 2548 constantissime
1476 2486 1693 2568 diligit,
1722 2508 1920 2569 perse-

174 2584 450 2636 cutorum
479 2572 705 2634 rabiem
736 2570 1095 2653 tempestive
1123 2591 1379 2652 semper,
1406 2581 1468 2629 et
1495 2580 1730 2629 exserta
1763 2591 1920 2663 saepe

174 2654 439 2731 dextera,
488 2654 842 2716 miraculose
896 2652 1194 2736 repressit,
1244 2663 1306 2712 et
1360 2651 1743 2712 seductorum
1794 2674 1918 2713 vias

174 2748 491 2812 tortuosas,
520 2760 590 2799 ac
627 2737 875 2799 consilia
910 2736 1291 2797 fraudulenta
1318 2734 1548 2795 detexit
1584 2747 1764 2815 atque
1801 2734 1922 2795 dis-

177 2819 412 2903 sipavit,
439 2832 692 2901 utroque
730 2842 793 2880 se
830 2819 892 2879 in
933 2818 1207 2880 Ecclesia
1244 2840 1351 2878 sua
1382 2816 1917 2900 praesentissimum

176 2923 306 2963 esse
332 2901 767 2964 demonstrans.
851 2901 1058 2982 Hujus
1101 2902 1183 2962 rei
1229 2901 1455 2961 illustre
1483 2899 1917 2961 documentum

176 2995 372 3046 exstat
413 2985 476 3046 in
521 2984 785 3046 historiis
864 2982 1053 3045 iorum
1101 2985 1549 3067 imperatorum,
1589 3004 1822 3062 regum,
1857 2995 1919 3044 et

175 3066 539 3150 principum,
569 3089 719 3148 quos
749 3006 940 3127 Filius
978 3067 1096 3128 Dei
1141 3067 1202 3127 in
1247 3065 1580 3127 subsidium
1626 3063 1917 3128 Ecclesiae

178 3172 300 3212 suoe
327 3150 503 3211 toties
541 3149 843 3224 excitavit,
871 3161 1077 3211 sancto
1114 3149 1331 3211 domus
1374 3170 1496 3209 suae
1540 3147 1670 3208 zelo
1708 3170 1920 3211 accen-

175 3232 284 3304 dit,
312 3254 640 3314 eorumque
667 3254 868 3315 opera,
895 3254 1016 3293 non
1046 3243 1282 3293 tantum
1323 3243 1712 3313 tyrannorum
1757 3231 1919 3293 furo-

176 3338 269 3377 res
298 3316 689 3399 compescuit,
717 3315 820 3376 sed
849 3315 1031 3376 etiam
1072 3314 1358 3376 Ecclesiae
1396 3335 1538 3374 cum
1576 3312 1739 3374 falsis
1775 3312 1919 3377 doo-

175 3399 404 3460 toribus
444 3398 792 3481 religionem
823 3397 982 3459 varie
1020 3396 1490 3458 adulterantibus
1528 3396 1919 3474 conflictanti,

175 3493 516 3543 sanctarum
568 3480 933 3562 synodorum
980 3479 1242 3540 remedia
1286 3477 1643 3562 procuravit,
1676 3479 1741 3540 in
1784 3480 1920 3562 qui-

175 3564 291 3625 bus
327 3564 532 3625 fideles
560 3563 782 3625 Christi
828 3562 978 3623 servi
1021 3561 1359 3643 conjunctis
1399 3561 1699 3645 precibus,
1724 3563 1920 3626 consi-

176 3646 289 3721 liis,
320 3658 383 3709 et
409 3647 712 3709 laboribus
741 3668 853 3730 pro
879 3645 1150 3708 Ecclesia
1176 3657 1239 3707 et
1262 3643 1509 3708 veritate
1535 3643 1657 3720 Dei
1685 3644 1920 3709 fortiter
2011 3647 2020 3651 ’
