2418 4172
796 413 1269 468 SAXONICA.
1796 413 1891 468 261

151 556 349 639 lapsos
381 554 744 619 horribiliter
764 557 961 641 puniri
996 557 1054 618 in
1082 557 1194 618 hac
1213 555 1353 630 vita,
1377 564 1443 616 ut
1464 552 1662 635 inquit
1684 554 1893 615 Eccle-

148 637 236 699 sia
272 637 432 720 apud
477 639 786 701 Micheam
819 639 918 701 vii.
955 661 1085 722 cap.
1124 640 1296 701 Iram
1327 636 1587 698 Domini
1612 637 1892 716 portabo,

242 722 295 781 ’a
334 724 585 802 peccavi
641 725 712 783 ei.
800 723 882 782 Et
923 722 1196 781 omnium
1244 732 1583 802 temporum
1634 717 1891 780 historiae

147 742 445 864 agiu-enda
485 804 765 887 exempla
807 825 1124 886 poenarum
1170 802 1521 863 continentt
1570 811 1636 861 ut
1670 800 1892 877 David,

144 886 451 957 Salomon,
517 886 848 955 Manasses‚
905 885 1125 958 Josias,
1186 883 1775 958 Nabuchodonozor,
1831 897 1892 945 et

145 968 247 1028 alii
281 968 746 1030 innumerabiles
781 967 1008 1028 duriter
1036 967 1307 1050 castigati
1339 978 1496 1027 sunt.
1569 967 1708 1035 Qua
1737 967 1796 1027 in
1829 990 1890 1028 re

144 1049 262 1112 hoc
315 1050 724 1111 tristissimum
781 1063 891 1124 est,
933 1050 1095 1132 quod
1142 1050 1201 1110 in
1255 1049 1400 1133 ipsis
1446 1049 1645 1131 poenis
1702 1051 1892 1110 multa

142 1154 299 1194 nova
345 1145 594 1216 peccata
651 1134 1075 1195 cumulantur:
1135 1144 1203 1194 ut
1259 1133 1319 1192 in
1379 1132 1672 1207 seditione
1727 1144 1891 1193 mota

141 1226 346 1278 contm
381 1216 700 1289 Davidem,
730 1217 790 1277 in
836 1215 1258 1278 dilaceratione
1301 1215 1466 1296 regni
1508 1226 1752 1298 propter
1788 1215 1892 1276 de-

141 1298 352 1360 lictum
382 1298 739 1360 Salomonis.
812 1299 894 1360 Et
924 1299 998 1359 de
1028 1298 1378 1360 necessitate
1410 1299 1559 1358 bene
1581 1299 1888 1381 operandi,

144 1380 343 1463 inquit
369 1380 673 1442 Dominus
710 1382 936 1443 Matth.
968 1403 1022 1442 v.
1052 1382 1197 1443 Nisi
1224 1381 1624 1442 abundaverit
1631 1381 1891 1465 justitia

142 1471 345 1524 vestra
377 1464 524 1547 plus
561 1485 753 1546 supra
794 1487 975 1548 quam
1015 1464 1483 1537 Pharisaeorum‚
1525 1486 1644 1524 non
1692 1466 1890 1526 intra-

142 1545 286 1607 bis-‘s
325 1547 391 1607 in
430 1569 689 1630 regnum
731 1548 1036 1608 coelorum.
1121 1546 1513 1607 Considerata
1548 1558 1748 1607 autem
1783 1570 1889 1608 ne-

140 1627 432 1702 cessitate,
458 1650 594 1709 quoe
622 1630 943 1712 multiplex
974 1641 1082 1703 est,
1111 1640 1443 1709 sequuntur
1477 1629 1570 1689 bae
1610 1631 1888 1709 quaestio-

139 1731 283 1770 nes:
331 1731 467 1790 quoe
508 1733 545 1769 o
627 1733 687 1771 ra
731 1711 851 1771 sint
893 1712 1184 1785 facienda,
1226 1709 1533 1790 quomodo
1576 1711 1703 1770 fieri
1747 1733 1888 1793 pos-

139 1790 279 1865 sint,
305 1732 623 1873 quomod&
644 1793 921 1874 placeant
947 1793 1120 1854 Deo:
1165 1814 1300 1873 quae
1332 1792 1594 1852 habeant
1620 1794 1886 1874 praemia,

180 1873 303 1935 uod
368 1874 447 1935 sit
507 1874 828 1937 discrimen
895 1888 1318 1959 peccatorum:
1377 1897 1513 1956 quae
1569 1876 1886 1937 excutiunt

136 1895 429 2040 §piritum
459 1957 770 2033 Sanctum,
797 1970 860 2019 et
886 1981 1020 2040 quae
1050 1981 1172 2019 non
1200 1958 1535 2019 excutiunt.

718 2132 1347 2174 .—-—‘...-—

489 2273 635 2333 VII.
671 2273 821 2338 Quae
859 2274 1066 2355 Opera
1069 2272 1377 2358 facienda
1403 2274 1546 2334 sint.

139 2352 403 2434 VULT
426 2374 595 2436 Deus
624 2387 686 2436 et
715 2376 897 2437 fidem
927 2388 989 2437 et
1009 2398 1190 2458 opera
1210 2375 1333 2457 regi
1358 2398 1467 2437 suo
1490 2377 1688 2436 verbo.
1733 2376 1882 2438 Ideo

135 2456 394 2518 tenenda
422 2470 515 2518 est
543 2479 751 2519 norma
779 2459 856 2519 de
884 2459 1055 2519 bonis
1084 2459 1384 2541 operibus,
1414 2459 1792 2520 interioribus
1822 2472 1884 2520 et

134 2539 545 2614 exterioribus,
578 2563 712 2622 quae
755 2542 820 2602 in
868 2542 960 2602 his
1003 2541 1316 2624 praeceptis
1359 2542 1478 2603 Dei
1525 2542 1885 2616 continetur,
1922 2604 1927 2609 ,

135 2643 270 2702 quoe
308 2622 381 2683 ad
422 2645 530 2683 nos
568 2624 887 2707 pertinent,
918 2625 1074 2684 sicut
1102 2624 1443 2684 Ezechielis
1482 2646 1585 2684 xx.
1625 2623 1878 2685 dicitur:

139 2704 217 2765 In
248 2707 564 2786 proeceptis
603 2708 750 2768 meis
793 2707 1117 2768 ambulate.
1204 2706 1288 2767 Et
1333 2708 1461 2767 haec
1503 2729 1686 2789 opera
1729 2708 1881 2767 inte-

137 2786 291 2846 riora
317 2798 379 2847 et
406 2789 697 2850 exteriora
720 2792 881 2853 fiunt
909 2791 1105 2851 cultus
1127 2790 1267 2864 Dei,
1292 2811 1430 2850 cum
1462 2791 1619 2850 fiunt
1646 2790 1708 2848 in
1740 2789 1878 2864 fide,

137 2879 201 2928 et
238 2868 573 2931 referuntur
610 2871 683 2932 ad
724 2873 890 2934 hunc
925 2874 1130 2946 finem,
1158 2883 1226 2933 ut
1255 2872 1425 2932 Deus
1458 2871 1570 2931 bac
1597 2870 1883 2932 obedien-

137 2949 222 3011 tia
248 2949 593 3014 celebretur.
679 2954 931 3016 Dictum
972 2967 1064 3017 est
1101 2966 1301 3016 autem
1343 2976 1538 3035 supra,
1566 2964 1879 3014 externam

137 3032 539 3095 obedientiam
584 3058 686 3098 seu
731 3037 1104 3122 disciplinam
1150 3048 1428 3120 praestare
1476 3057 1646 3118 posse
1695 3035 1877 3097 etiam

138 3136 260 3176 non
300 3128 555 3191 renatos,
585 3131 670 3193 ut,
700 3119 949 3199 honeste
983 3121 1130 3181 vivit
1158 3121 1390 3192 Cicero,
1418 3129 1480 3178 et
1509 3119 1660 3178 bene
1689 3139 1882 3179 mere-

137 3209 237 3258 tur
275 3198 354 3259 de
394 3210 524 3260 toto
565 3222 782 3282 genere
827 3203 1094 3264 humano
1137 3203 1199 3263 in
1244 3202 1545 3262 laboribus
1632 3201 1884 3262 uberna-

24 3344 26 3347 ,
136 3279 356 3342 tionis:
400 3281 504 3342 sed
549 3304 719 3344 mens
761 3286 940 3367 plena
976 3297 1068 3346 est
1104 3285 1548 3345 dubitationum
1622 3304 1656 3342 e
1684 3282 1886 3377 proyi-

134 3361 359 3435 dentia,
390 3387 503 3425 nec
531 3366 718 3441 novit,
739 3388 852 3428 nec
881 3366 1203 3446 alloquitur
1228 3387 1435 3426 verum
1462 3365 1665 3425 Deum
1697 3386 1756 3425 in
1789 3387 1881 3426 in-

134 3447 465 3520 vocatione,
497 3470 605 3509 nec
634 3449 801 3509 novit
828 3449 1269 3532 promissiones,
1290 3459 1352 3508 ct
1381 3469 1618 3530 semper
1643 3446 1882 3510 dubitat

23 3527 27 3532 ’
136 3548 212 3589 an
254 3530 626 3606 exaudiatur,
654 3532 983 3626 praesertim
1028 3531 1089 3591 in
1129 3528 1608 3592 calamitatibus:
1651 3529 1713 3591 in
1748 3530 1881 3627 qui-

136 3609 251 3672 bus
290 3613 474 3675 etiam
519 3613 660 3675 Deo
702 3614 988 3688 irascitur,
1025 3612 1250 3696 cogitat
1290 3612 1510 3694 injuste
1553 3634 1615 3673 se
1658 3612 1880 3696 adfligi,

137 3713 278 3755 eum
302 3696 482 3759 fuerit
507 3697 653 3759 civis
683 3698 988 3770 honestus,
1015 3707 1076 3757 et
1104 3696 1266 3757 utilis
1295 3694 1878 3784 reipublicae.lTales

298 3813 303 3818 ·
963 3800 990 3837 s
1017 3790 1053 3839 3
