2418 4172
537 372 646 424 304
1170 371 1654 430 coum-:8310

947 560 1128 624 xxl.
1173 561 1279 627 De
1312 560 1462 623 Vita
1490 562 1857 627 Monostica.

536 662 1060 746 OMHTIMUS
1115 679 1443 761 longiorem
1507 681 2139 746 commemorationem
2196 684 2274 747 de

532 763 832 826 veteribus
861 762 1123 825 historiis
1151 784 1377 837 corum,
1398 763 1500 845 qui
1532 763 1626 823 vel
1656 763 1717 825 in
1746 763 2131 828 solitudinem
2157 765 2279 828 dis-

533 856 862 920 cesserunt,
890 856 957 907 ut
982 844 1324 915 Antonium
1366 847 1462 907 vel
1501 846 1750 927 collegia
1794 847 2013 909 similia
2055 847 2276 910 scholis

533 927 939 1003 instituerunt,
965 939 1133 990 extra
1175 927 1485 990 civitatum
1529 928 1948 1009 frequentiam,
1990 941 2061 991 ut
2100 930 2276 992 Basi-

532 1010 668 1073 lius.
735 1010 895 1071 Aliae
919 1010 1082 1071 enim
1112 1010 1241 1071 aliis
1270 1032 1463 1072 causae
1491 1011 1732 1072 fuerunt
1761 1011 2094 1074 secedendi.
2173 1012 2275 1074 De

531 1091 921 1174 praesentibus
967 1091 1278 1153 monachis
1316 1091 1449 1171 jam
1490 1093 1827 1173 loquamur,
1870 1095 1977 1175 qui
2020 1094 2273 1156 minime

533 1185 675 1238 sunt
703 1173 762 1234 in
793 1172 1132 1235 solitudine.
1179 1173 1451 1256 Collegia
1479 1186 1622 1235 sunt
1650 1175 1988 1251 hominum,
2012 1177 2109 1239 vel
2136 1176 2278 1239 doc-

531 1267 754 1329 torum,
777 1255 872 1317 vel
915 1253 1315 1330 indoctorum,
1341 1256 1403 1317 in
1445 1255 1646 1317 media
1681 1257 1815 1318 luce
1851 1269 1915 1319 et
1940 1258 2276 1340 stoquentia

531 1336 912 1402 commodius
952 1337 1303 1413 viventium,
1344 1359 1530 1420 quam
1571 1337 1782 1399 vivunt
1829 1339 1931 1400 alii
1979 1339 2274 1403 homines.

531 1419 785 1484 Habent
838 1420 1195 1515 voluptates,
1231 1442 1379 1502 quas
1436 1431 1752 1503 expetunt,
1806 1421 1908 1483 alii
1963 1421 2108 1484 alias
2136 1447 2155 1493 ς
2212 1434 2277 1485 et

531 1503 725 1567 multo
751 1503 890 1586 plus
918 1503 1056 1577 ocii,
1085 1525 1270 1584 quam
1310 1503 1510 1565 caeteri
1542 1503 1837 1580 homines,
1866 1503 1935 1567 in
1960 1504 2086 1566 vin
2120 1504 2277 1588 poli-

529 1586 649 1646 tica
689 1596 751 1646 et
793 1586 1183 1648 oeconomica.
1267 1585 1369 1648 Ne
1406 1585 1520 1669 ipsi
1560 1585 1806 1667 quidem
1835 1586 1968 1667 jam
2007 1587 2111 1648 illa
2138 1586 2278 1651 ridi-

530 1668 667 1731 cula
707 1668 984 1730 encomia
1024 1669 1101 1730 de
1135 1668 1521 1751 perfectione,
1546 1680 1607 1730 et
1640 1668 1716 1730 de
1745 1669 1866 1731 vita
1907 1670 2279 1753 contempla·
2407 1646 2418 1735 l

529 1750 653 1813 tiva
681 1749 755 1812 ad
785 1773 847 1812 se
875 1751 1259 1824 tmnsferunt,
1288 1764 1356 1811 ut
1396 1751 1541 1811 olim
1586 1751 1769 1831 aliqui
1814 1752 2105 1814 fecerunt.
2190 1751 2277 1814 Et
2411 1739 2418 1810 l

529 1854 670 1897 cum
705 1853 925 1915 magna
951 1834 1028 1894 sit
1056 1832 1481 1906 dissimilitudo
1512 1832 1832 1895 hominum
1860 1834 1925 1894 in
1959 1834 2078 1895 illis
2105 1833 2272 1896 soda-
2413 1846 2418 1866 ³

530 1915 694 1990 litiis,
722 1937 843 1976 non
871 1916 1149 1977 volumus
1177 1915 1517 1976 concionari
1547 1916 1741 1989 malis,
1765 1916 1871 1996 qui
1899 1927 2146 2000 propter
2171 1939 2277 1979 cu-

531 1998 683 2062 linas
713 2009 774 2059 et
801 1997 1104 2059 licentiam
1134 1998 1266 2058 illas
1294 1998 1551 2058 latebras
1578 2008 1818 2058 amant:
1846 1997 1949 2059 sed
1978 2020 2087 2060 san
2170 1999 2184 2011 '

529 2081 902 2143 obtestamur
940 2092 1183 2162 propter
1218 2079 1471 2161 gloriam
1512 2078 1655 2152 Dei,
1682 2090 1747 2140 et
1787 2101 1958 2141 suam
2001 2080 2276 2154 salutem,

530 2173 600 2226 ut
650 2163 920 2244 cogitent
967 2162 1102 2223 haec
1144 2161 1344 2223 dicta:
1386 2161 1531 2223 Nem
1568 2161 1813 2223 habebis
1840 2162 1978 2225 deos
2005 2163 2273 2226 alienos.-

532 2245 758 2328 Fugite
784 2244 970 2307 idola.
1040 2245 1253 2314 Qualis
1282 2267 1445 2307 nunc
1472 2256 1564 2307 est
1590 2245 1714 2306 vita
1743 2246 2115 2308 monastica?
2141 2247 2275 2330 plu-

529 2328 754 2391 rimum
798 2329 983 2390 habet
1022 2327 1349 2411 impiorum
1384 2329 1659 2391 cultuum
1690 2338 1753 2389 et
1778 2328 2090 2391 vanitatis:
2131 2329 2278 2391 mis-

530 2434 629 2474 sas.
654 2411 881 2472 babent
906 2411 1143 2473 venales
1171 2434 1282 2495 pro
1308 2410 1457 2471 vivis
1496 2422 1559 2471 et
1591 2410 1865 2484 mortuis,
1893 2422 1957 2473 et
1986 2412 2088 2474 hic
2115 2433 2277 2506 quite-

531 2505 656 2554 stus
685 2504 777 2554 est
803 2494 863 2553 in
894 2492 1195 2575 plerisque
1223 2493 1598 2554 monasteriis
1631 2492 1950 2554 maximus.
2036 2494 2276 2556 Usitata

530 2587 622 2639 est
648 2574 733 2636 ibi
762 2585 824 2636 et
861 2586 1232 2636 mortuorum
1273 2575 1590 2649 invocatio,
1618 2576 1926 2636 cumulata
1953 2576 2161 2638 multis
2188 2588 2275 2638 te-

530 2657 637 2721 tris
665 2655 1200 2741 superstitionibus,
1227 2667 1561 2719 statuarum
1587 2656 2052 2732 adorationibus,
2079 2656 2276 2723 indul·-

530 2740 911 2898 ffim,
939 2739 1071 2884 τῆς
1117 2740 1483 2884 Ἠῶ·
1503 2739 2275 2886 „efflemsi-1

530 2844 1375 3051 matusalam&
1404 2905 1917 3070 ‘33153222232
1943 2906 2274 3072 ‘siim

530 3083 592 3133 te
640 3071 843 3154 generi
892 3071 1051 3145 vitoe,
1099 3071 1159 3132 in
1210 3092 1332 3152 quo
1380 3083 1470 3132 est
1518 3071 1716 3132 cultus
1768 3071 2084 3147 idolorum,
2132 3084 2275 3134 sunt
2359 3133 2369 3144 ,

531 3153 695 3216 baud
733 3153 914 3215 dubie
956 3154 1137 3227 irrita,
1169 3152 1352 3234 juxta
1390 3154 1656 3236 primum
1699 3153 2076 3227 mandatum,
2109 3152 2271 3235 quod

530 3248 623 3299 est
664 3237 988 3299 immotum
1030 3247 1094 3298 et
1132 3246 1446 3309 aeternum,
1475 3247 1536 3298 et
1576 3237 1779 3333 regula
1807 3237 2086 3334 oui-nium
2122 3236 2268 3299 alin-

531 3330 1137 3463 mssffissss‘sszffi
1156 3316 1800 3463 assssffuss‘ssf'sssszffi
1824 3319 2263 3477 &mmm
2352 3467 2364 3477 ‚

509 3482 826 3565 fecerunt.
912 3484 1030 3545 Sed
1087 3506 1178 3545 res
1262 3483 1394 3545 nsio
1452 3485 1624 3545 firma
1679 3497 1741 3546 et
1796 3483 2106 3567 perspicua
2157 3495 2264 3541 cst.

534 3565 790 3627 Etiamsi
820 3567 1159 3647 loqueretur
1180 3507 1404 3628 fflulus
1433 3566 1509 3627 de
1527 3567 1700 3641 votis,
1728 3578 1928 3627 tamen
1959 3561 2099 3623 talia
2130 3576 2265 3623 vota

533 3647 698 3706 nullo
727 3648 907 3708 modo
935 3650 1228 3729 probaret,
1250 3670 1383 3727 quse
1413 3648 1732 3726 conjuncta
1761 3658 1897 3706 sunt
1927 3665 2063 3705 cum
2097 3646 2262 3706 cultu
