2418 4172
455 336 562 388 122
680 334 1111 391 CONFESSIO
1146 335 1648 393 AUGUSTANA
1686 337 2053 393 MDxxxl.

449 476 785 539 concordiae
811 489 874 539 et
902 477 1263 541 Christianae
1291 480 1784 552 reconciliationi,
1805 503 1928 543 non
1956 481 2199 543 dubita-

448 572 543 622 ret
582 559 658 622 V.
697 560 770 621 C.
811 560 904 623 M.
942 561 1089 643 quin
1138 562 1398 625 Roman.
1428 563 1700 658 pontifex
1738 562 1955 626 adduci
1995 576 2199 648 posset

449 641 526 704 ad
567 641 917 706 habendum
963 645 1238 727 generale
1278 646 1626 708 concilium.
1708 644 1859 707 Ideo
1897 646 2200 729 significa·-

447 723 556 787 bat
581 747 647 786 se
674 726 751 787 V.
778 726 850 788 C.
882 726 976 789 M.
1004 749 1247 810 operam
1289 728 1583 803 daturam,
1614 740 1682 790 ut
1724 728 2007 811 praefatus
2040 729 2199 792 Pon·

447 808 538 870 tif.
568 809 871 871 maximus
901 832 1022 872 una
1049 833 1190 872 cum
1222 811 1296 873 V.
1325 813 1397 872 C.
1428 812 1520 874 M.
1543 812 1662 873 tale
1690 811 1964 894 generale
1991 812 2198 874 conci-

448 890 621 963 lium,
649 891 850 975 primo
890 914 1134 974 quoque
1176 905 1449 976 tempore
1490 894 1726 956 emissis
1769 894 1956 955 literis
1997 894 2198 977 publi-

446 972 708 1036 candum
740 996 1102 1058 congregare
1127 979 1511 1038 consentiret.

530 1056 607 1118 In
645 1067 931 1118 eventum
969 1078 1116 1140 ergo
1150 1058 1359 1132 talem,
1386 1058 1548 1140 quod
1578 1060 1641 1121 in
1672 1082 1851 1122 causa
1888 1054 2196 1143 religionis

439 1137 843 1201 dissensiones
885 1139 1041 1201 inter
1078 1161 1188 1202 nos
1225 1151 1288 1202 et
1314 1152 1515 1224 partes
1543 1142 1736 1204 amice
1764 1155 1829 1204 et
1856 1143 1918 1204 in
1946 1142 2196 1204 caritate

443 1242 567 1283 non
596 1221 820 1283 fuerint
845 1222 1219 1304 compositoe,
1248 1233 1397 1284 tunc
1425 1245 1630 1286 eoram
1656 1224 1735 1286 V.
1766 1224 1841 1286 C.
1868 1224 1965 1287 M.
1995 1224 2098 1287 bic
2130 1225 2196 1287 in

439 1303 612 1365 omni
655 1303 999 1365 obedientia
1040 1326 1150 1365 nos
1192 1304 1516 1380 offerimus,
1555 1327 1635 1367 ex
1684 1306 2197 1400 superabundanti

443 1387 879 1468 comparituros
917 1396 982 1447 et
1014 1408 1256 1448 causam
1287 1386 1555 1450 dicturos
1583 1388 1647 1449 in
1677 1389 1784 1451 tali
1813 1388 2098 1473 generali,
2123 1388 2189 1451 li·

442 1469 587 1530 bero
629 1479 690 1530 et
724 1468 1073 1531 Christiano
1109 1469 1387 1545 concilio,
1413 1469 1490 1532 de
1517 1492 1641 1554 quo
1671 1471 2095 1555 congregando
2130 1471 2194 1534 in

440 1550 725 1613 omnibus
774 1552 1037 1613 comitiis
1086 1552 1518 1637 imperialibus,
1546 1577 1682 1637 quae
1725 1554 1981 1638 quidem
2022 1555 2196 1617 annis

441 1634 679 1718 imperii
708 1634 784 1696 V.
814 1634 887 1696 C.
909 1635 1003 1696 M.
1027 1635 1237 1697 habita
1257 1649 1399 1699 sunt
1419 1658 1528 1720 per
1547 1638 1853 1710 electores,
1874 1637 2196 1722 principes,

440 1727 505 1779 et
550 1717 810 1799 reliquos
860 1728 1050 1779 status
1093 1719 1353 1801 imperii,
1395 1741 1635 1803 semper
1677 1719 2055 1783 concorditer
2094 1743 2195 1784 aea»

441 1811 596 1875 tum,
622 1811 686 1861 et
712 1801 1183 1884 congruentibus
1210 1824 1280 1863 su
1433 1802 1504 1864 iis
1534 1803 1887 1865 conclusum
1910 1815 2026 1865 est.
2091 1803 2192 1866 Ad

440 1881 624 2029 23qu
652 1883 1174 2027 egmllfflgqnerglis
1206 1885 1386 2027 ¹conci
1414 1885 1454 1946 ii
1494 1897 1885 2030 conventum,
1910 1886 2094 1982 simul
2130 1898 2196 1949 et

627 2012 642 2026 .
743 2012 758 2028 .
882 2012 896 2027 .
942 1989 1003 2027 nn
1094 1989 1164 2028 ac
1227 1988 1305 2028 on
1350 1989 1386 2028 e
1427 1989 1697 2030 maxlma
1737 1991 1773 2030 e
1948 1991 2194 2033 vnsstma

435 2070 640 2122 causa,
658 2049 790 2129 jam
821 2060 961 2111 ante
989 2049 1170 2111 etiam
1202 1989 1409 2111 debffto
1438 2050 1623 2112 modo
1650 2061 1714 2112 et
1740 2051 1803 2113 in
1856 2073 2027 2114 orma
2035 2051 2193 2133 juris

438 2132 758 2277 {fioessvi
766 2132 1541 2278 “Riussnssiffss'tpecflffciffss
1577 2133 1778 2280 affl.
1802 2156 1881 2280 ΖΡ
1897 2134 2192 2282 ὴὲῖὶῖοῗζ

439 2319 637 2379 neque
664 2319 800 2360 eam
830 2320 939 2381 per
965 2298 1133 2360 hunc
1159 2298 1255 2359 vel
1278 2299 1463 2361 alium
1488 2311 1811 2362 tractatum
1843 2301 1986 2380 (nisi
2009 2323 2192 2366 causa

438 2379 597 2441 inter
624 2403 733 2442 nos
762 2392 824 2442 et
851 2391 1068 2463 partes,
1085 2380 1267 2461 juxta
1289 2392 1559 2444 tenorem
1582 2383 1873 2446 Caesareae
1894 2384 2191 2467 proxime

438 2462 743 2524 citationis
780 2462 978 2525 amice
1011 2463 1073 2524 in
1114 2462 1362 2526 caritate
1390 2466 1746 2549 composita,
1773 2466 1995 2542 sedata,
2016 2476 2086 2528 et
2111 2466 2189 2529 ad

439 2544 846 2606 Christianam
877 2545 1262 2610 concordiam
1293 2546 1539 2609 reducta
1567 2548 1771 2629 fuerit)
1799 2548 2070 2611 deserere
2096 2551 2191 2612 in·

439 2626 748 2689 tendimus
779 2639 883 2689 aut
912 2651 1269 2711 possumus;
1313 2629 1390 2691 de
1418 2653 1541 2714 quo
1571 2631 1674 2694 hic
1705 2632 1890 2695 etiam
1927 2632 2191 2695 solenni-

439 2721 532 2773 ter
552 2721 620 2772 et
645 2710 890 2794 publice
916 2723 1334 2795 protestamur.
