2418 4172
815 424 1283 478 SAXONICA.
1813 422 1923 479 267

167 563 438 640 'Messiae,
466 587 665 627 veram
707 566 908 641 fldem,
939 565 1403 638 invocationem,
1430 573 1492 624 et
1527 582 1696 624 veros
1725 567 1921 646 poeni-

175 648 379 710 teutioe
424 661 641 723 motus,
670 648 1053 711 dilectionem
1099 647 1242 720 Dei,
1270 667 1438 735 spem
1484 644 1623 707 vitae
1665 658 1919 723 aeternoe,

173 740 238 792 et
264 731 409 792 alias
439 733 686 793 virtutes
717 731 776 791 in
807 753 880 791 eo
909 729 1200 791 accendit.

749 891 1353 934 —4—

776 1031 859 1093 X.
904 1031 1007 1093 De
1037 1030 1335 1093 Proemiis.

171 1111 537 1197 PAULUS
582 1136 796 1216 inquit,
830 1137 1081 1196 Donum
1112 1135 1240 1195 Dei
1277 1143 1366 1196 est
1397 1136 1526 1195 vita
1554 1143 1782 1197 aalma
1804 1158 1920 1217 per

177 1216 487 1279 Christum
505 1218 721 1280 «Iesum
745 1219 1078 1279 Dominum
1107 1227 1381 1278 nostrum
1402 1243 1423 1278 .-
1463 1230 1524 1278 et
1553 1220 1915 1280 reconciliati

170 1321 275 1360 seu
303 1300 638 1380 justificati,
669 1302 846 1362 simul
889 1313 1027 1361 sunt
1069 1301 1405 1362 cohaeredes
1445 1300 1551 1361 filii
1583 1301 1700 1361 Dei
1783 1324 1919 1386 rop-

170 1393 262 1442 ter
287 1382 621 1456 Christum,
650 1406 767 1443 non
815 1395 1058 1466 propter
1095 1384 1332 1466 propria
1378 1382 1605 1444 merita.
1759 1386 1918 1445 itun-

172 1475 271 1525 tur
291 1464 447 1526 Filio
475 1466 593 1527 Dei
628 1466 983 1540 Mediatore,
1012 1488 1129 1526 non
1162 1467 1378 1527 nostris
1413 1466 1658 1541 meritis,
1678 1479 1741 1529 et
1769 1467 1918 1528 fides

172 1546 470 1630 accipiens
521 1549 926 1609 remissionem
981 1560 1364 1631 peccatorum
1422 1571 1491 1609 ac
1528 1549 1918 1628 justificatio-

170 1649 333 1701 nem,
359 1641 422 1690 et
463 1653 598 1712 spes
630 1632 767 1691 vitae
809 1643 1065 1704 aeternae,
1093 1643 1160 1691 ut
1201 1652 1479 1711 expresse
1518 1630 1747 1691 dictum
1790 1642 1915 1692 est:

171 1709 329 1772 Haec
365 1720 459 1772 est
495 1712 773 1773 voluntas
801 1712 1039 1784 Patris,
1083 1721 1156 1772 ut
1198 1713 1389 1772 omnis
1431 1713 1679 1774 credens
1720 1714 1783 1774 in
1811 1713 1917 1775 Fi-

167 1789 318 1853 Ιίωη
358 1792 580 1858 habeat
619 1795 807 1855 vitam
849 1802 1153 1855 oetemam.
1238 1793 1324 1854 Et
1355 1793 1533 1854 Rom.
1563 1815 1619 1854 v.
1658 1794 1918 1877 ,1υείᾔί-

167 1874 294 1936 cati
309 1873 472 1959 fide,
504 1898 719 1958 pacem
765 1876 1048 1938 habemus
1098 1876 1265 1958 apud
1295 1875 1520 1949 Deum,
1553 1899 1672 1957 per
1700 1877 1918 1939 Domi-

165 1978 312 2020 num
348 1967 622 2020 mstrum
646 1959 866 2020 Jesum
900 1960 1228 2033 Christum,
1256 1981 1375 2040 per
1402 1981 1579 2042 quem
1618 1969 1679 2021 et
1720 1982 1917 2023 acces-

165 2061 301 2102 sum
328 2040 775 2124 habemusfide
812 2043 875 2102 in
908 2042 1182 2125 gratiam
1223 2042 1395 2115 hanc,
1423 2044 1487 2102 in
1516 2064 1639 2125 qua
1663 2052 1915 2120 stamus,

168 2130 230 2184 et
259 2122 607 2206 gloriamur
631 2147 739 2206 spe
763 2125 899 2187 υἱέσι
926 2133 1176 2185 aeternoe.
1261 2124 1502 2203 Conjun
1550 2126 1596 2185 it
1631 2126 1812 2187 fidem
1854 2140 1916 2188 et

166 2227 359 2288 spem,
408 2218 471 2267 et
519 2207 798 2268 adfirmat
853 2220 1167 2287 utramque
1225 2207 1335 2268 niti
1387 2207 1459 2267 M
1540 2208 1743 2270 iatore.
1828 2210 1915 2271 Et

167 2288 552 2351 manifestum
583 2302 693 2365 est,
721 2312 891 2374 spem
924 2312 1044 2350 non
1074 2289 1291 2350 debere
1329 2289 1438 2350 niti
1474 2296 1689 2351 nostris
1718 2293 1915 2374 operi-

168 2370 300 2445 bus,
339 2372 482 2452 quia
532 2373 764 2435 dictum
821 2384 945 2433 est:
989 2372 1133 2433 Non
1160 2370 1621 2455 justfficabitur
1660 2374 1726 2435 in
1776 2396 1915 2436 con·-

163 2462 374 2547 spectu
401 2462 505 2516 tuo
532 2457 726 2517 omnis
755 2456 1000 2517 vivens·-
1046 2454 1170 2529 sed,
1208 2467 1276 2515 ut
1312 2466 1559 2538 propter
1586 2456 1783 2517 solum
1812 2457 1915 2519 Fi·

164 2536 313 2598 hum
343 2536 464 2598 Dei
495 2551 738 2621 agentes
768 2537 1190 2622 poenitentiam
1220 2548 1575 2620 reputantur
1589 2538 1742 2618 justi
1772 2539 1913 2615 fide,

164 2629 228 2680 et
253 2631 496 2703 propter
521 2644 654 2683 eam
691 2633 753 2682 et
789 2643 896 2703 per
922 2642 1057 2682 eam
1087 2620 1499 2690 vivificantur;
1544 2620 1627 2681 ita
1670 2634 1915 2705 propter

164 2722 328 2777 eum,
367 2714 430 2765 et
483 2726 604 2766 non
705 2715 906 2788 ropter
952 2715 1155 2765 nostra
1210 2703 1442 2776 merita,
1486 2702 1745 2764 donatur
1789 2706 1912 2766 vita

166 2793 422 2845 aeternaz
466 2787 622 2848 sicut
686 2798 814 2848 atro
852 2786 913 2847 in
952 2808 1128 2847 cruce
1168 2786 1335 2846 audit
1372 2786 1528 2846 hanc
1567 2787 1911 2867 promissio·

167 2885 328 2939 nem,
358 2867 564 2930 Hodie
591 2870 712 2930 eris
738 2891 968 2931 mecum
996 2869 1062 2929 in
1083 2869 1392 2950 paradise,
1420 2868 1605 2928 Lucae
1635 2868 1805 2929 xxiii.

249 2947 384 3010 Nee
429 2951 849 3014 somniandum
901 2963 1009 3026 est,
1046 2951 1268 3013 Filium
1309 2951 1428 3011 Dei
1475 2961 1711 3010 tantum
1760 2973 1910 3033 proe-

167 3030 536 3112 parationem
580 3033 655 3094 ad
696 3034 879 3122 vitani
924 3045 1206 3094 aeternam
1252 3034 1424 3094 nobis
1473 3034 1758 3093 meruisse
1803 3045 1910 3095 aut

166 3112 327 3187 dare,
354 3135 463 3175 nos
490 3126 697 3197 postea
726 3116 941 3177 nostris
969 3117 1249 3198 operibus
1285 3114 1495 3176 mereri
1526 3116 1708 3175 vitam
1739 3127 1909 3177 aeter-

166 3216 349 3256 nam:
393 3197 495 3258 sed
538 3197 615 3258 sit
653 3198 713 3259 in
752 3210 1079 3280 conspectu
1116 3198 1345 3260 dictum
1377 3197 1815 3272 dulcissimum,
1849 3198 1910 3260 Ο

62 3297 81 3308 ·
166 3298 346 3350 mors,
377 3300 480 3340 ero
508 3301 668 3340 mors
693 3289 803 3341 tua
820 3309 841 3351 ‚-
886 3288 947 3342 et
965 3282 1161 3361 pestis
1188 3290 1316 3354 tua,
1337 3303 1371 3340 o
1397 3278 1679 3362 irffeme!
1721 3280 1909 3364 Prop-

165 3372 258 3429 ter
285 3360 505 3423 Filium
537 3362 679 3435 Dei,
714 3374 777 3423 et
818 3385 923 3456 per
959 3383 1121 3435 eum,
1155 3364 1477 3423 liberamur
1518 3383 1552 3421 a
1595 3373 1788 3423 morte
1829 3385 1908 3425 ω-

25 3439 54 3504 ³-ss
163 3453 352 3518 terna,
378 3457 441 3506 et
468 3445 876 3506 transferimur
903 3466 964 3504 m
995 3444 1179 3505 vitam
1223 3457 1543 3505 oeternam:
1587 3443 1742 3506 sicut
1778 3445 1907 3528 ipse

45 3545 52 3548 ·
164 3524 386 3607 inquit,
419 3527 559 3610 Ego
605 3529 794 3590 vitam
833 3535 1118 3589 aternam
1165 3526 1239 3587 do
1281 3527 1384 3587 eis.
1468 3524 1552 3586 Et
1588 3538 1612 3587 1
1639 3527 1819 3590 Joan.
1849 3549 1904 3591 v,

174 3606 303 3674 Qui
341 3610 521 3672 habet
563 3610 807 3685 Filium,
849 3609 1028 3671 habet
1069 3610 1259 3670 vitam
1298 3616 1602 3671 aternam.
1685 3610 1780 3671 Ae
1827 3609 1907 3672 sit
2023 3683 2031 3687 ,

168 3710 302 3773 spes
347 3704 508 3756 certa
557 3705 618 3755 et
666 3694 856 3767 firma,
898 3693 1054 3755 sicut
1091 3692 1299 3754 Petrus
1341 3690 1569 3773 inquit:
1613 3689 1907 3784 B'effecte
