2418 4172
812 318 1355 374 flamm-101⁸..
1882 327 1955 382 95

202 484 350 526 m.
432 460 863 543 Improbamus
890 481 1035 542 ergo
1073 460 1340 521 maxime
1372 459 1659 543 Cynicos,
1701 484 1952 547 corpora

204 554 582 608 mortuorum
625 542 1020 626 negligentes,
1062 556 1166 604 aut
1208 563 1391 624 quam
1443 542 1954 626 negligentissime

202 625 844 712 moemptissimeque
871 625 935 689 in
975 636 1192 687 terram
1239 624 1611 705 abjicientes,
1641 647 1954 710 nunquam

202 709 301 774 vel
327 710 579 773 verbnm
610 709 838 771 bonum
869 707 946 770 de
973 707 1272 769 defunctis
1310 707 1618 783 facientes,
1646 722 1752 772 aut
1787 711 1958 773 relic·

203 803 300 855 tos
340 792 606 877 ipsorum
656 814 733 854 ne
776 791 1083 853 tantillum
1141 789 1389 872 quidem
1441 801 1735 853 curantes.
1827 794 1956 855 Im-

202 875 530 959 probamus
580 896 778 935 rursus
826 873 1006 935 nimis
1047 886 1109 935 et
1150 884 1512 957 praepostere
1553 872 1850 936 officiosos
1893 877 1955 939 in

203 956 542 1033 defunctos,
605 956 731 1039 qui,
796 957 983 1018 instar
1043 956 1448 1031 ethnicorum,
1515 979 1653 1018 suos
1713 958 1958 1042 deplan-

203 1051 358 1124 gunt
387 1052 675 1113 mortuos,
699 1040 959 1118 (luctum
986 1039 1386 1114 moderatum,
1414 1061 1595 1120 quem
1628 1041 1956 1125 Apostolus

213 1135 240 1186 1
267 1122 482 1185 Thess.
507 1122 583 1183 iv.
607 1123 922 1196 concessit,
945 1145 1064 1183 non
1096 1123 1524 1204 vituperamus,
1553 1123 1954 1186 inhumanum

205 1227 334 1269 ease
350 1204 695 1287 judicantes
725 1227 964 1289 prorsus
993 1206 1143 1267 nibil
1173 1205 1417 1284 dolere,)
1449 1216 1511 1265 et
1551 1228 1662 1289 pro
1705 1208 1957 1269 mortuis

207 1289 564 1362 sacrificant,
592 1301 654 1349 et
680 1288 952 1371 preculas
982 1301 1171 1349 certas
1202 1310 1321 1348 non
1355 1288 1481 1348 sine
1505 1289 1696 1370 pretio
1717 1289 1959 1351 demur-

208 1383 470 1446 murant,
499 1369 847 1451 hujusmodi
879 1372 999 1431 suis
1036 1370 1248 1432 officiis
1289 1370 1594 1432 liberaturi
1641 1394 1779 1432 suos
1822 1372 1956 1433 illos

208 1475 286 1516 ex
334 1454 671 1525 tormentis,
721 1454 940 1535 quibus
991 1477 1022 1514 a
1084 1465 1275 1514 morte
1325 1453 1659 1528 immersos,
1708 1466 1771 1516 et
1819 1454 1958 1516 inde

207 1558 408 1600 rimus
444 1536 679 1597 liberari
717 1557 893 1619 posse
937 1535 1285 1616 hujusmodi
1328 1535 1537 1596 noeniis
1581 1536 1960 1599 arbitrantur.

207 1617 528 1680 Credimus
554 1619 719 1679 enim
755 1617 963 1711 fideles
1003 1631 1163 1678 recta
1199 1640 1240 1711 ‚⁸
1283 1629 1476 1710 morte
1518 1640 1802 1712 corporea
1845 1620 1959 1680 mi-

207 1699 484 1845 ⁸⁹⁸¹?ss
509 1699 1424 1866 ssrfflnissffi'ciiffffiffieiiiss'
1431 1700 1842 1858 “ssssffffiissi,
1856 1714 1961 1846 ²:33}

203 1804 611 1948 mndigere.
693 1864 1014 1927 Credimus
1050 1865 1197 1927 item
1239 1864 1511 1926 infideles
1551 1877 1714 1927 recta
1750 1867 1961 1949 praeci-

206 1949 386 2033 pitari
428 1949 490 2011 in
525 1949 793 2021 Tartara,
822 1970 897 2009 ex
942 1949 1164 2029 quibus
1208 1947 1409 2009 nullus
1453 1948 1655 2032 impiis
1698 1950 1962 2032 aperitur

209 2031 349 2094 ullis
377 2032 706 2093 viventium
738 2031 950 2092 officiis
980 2032 1196 2092 exitus.

293 2114 475 2184 Quod
501 2126 703 2175 autem
735 2114 984 2195 quidam
1014 2113 1259 2175 tradunt
1295 2112 1372 2174 de
1411 2112 1550 2194 igne
1592 2114 1959 2197 purgatorio,

210 2195 352 2260 fidei
390 2196 771 2271 Christianae,
798 2196 1054 2258 “Credo
1096 2196 1509 2257 remissionem
1548 2208 1959 2279 peccatorum,

209 2288 247 2316 “
274 2290 341 2342 et
357 2283 544 2342 vitam
566 2279 904 2353 aeternam?
915 2278 1385 2372 purgationique
1407 2278 1606 2361 plenae
1628 2301 1735 2362 per
1750 2280 1960 2341 Chris·

208 2373 365 2436 mm,
390 2369 456 2423 et
480 2361 707 2422 Christi
738 2362 999 2423 Domini
1037 2362 1204 2422 hisce
1244 2361 1556 2422 sententiis
1600 2362 1961 2439 adversatur,

204 2443 371 2507 Joan
398 2466 455 2506 v.
484 2444 686 2506 Amen
712 2466 891 2507 amen
912 2445 1044 2507 dico
1063 2444 1248 2518 vobis,
1269 2445 1378 2527 qui
1403 2466 1736 2507 sermonem
1763 2467 1961 2508 meum

207 2527 404 2604 eradit,
430 2536 490 2589 et
517 2528 710 2590 credit
751 2529 808 2589 ei
842 2529 951 2611 qui
989 2528 1157 2589 misit
1197 2548 1311 2602 me,
1340 2527 1523 2588 habet
1560 2529 1751 2589 vitam
1790 2537 1963 2591 ‹ster-

206 2632 373 2686 nm,
389 2619 451 2673 et
471 2612 534 2673 in
541 2610 857 2695 judicium
876 2633 997 2674 non
1022 2611 1240 2685 veniet,
1254 2611 1367 2672 sed
1383 2611 1673 2674 transivit
1699 2633 1739 2672 a
1767 2621 1963 2675 morte

207 2695 275 2757 in
306 2694 513 2757 vitm.
596 2694 779 2769 Item,
803 2696 986 2756 Joan.
1013 2695 1140 2756 xiii.
1170 2695 1300 2760 Qui
1328 2694 1488 2756 lotus
1516 2703 1623 2769 est,
1652 2717 1772 2756 non
1814 2718 1963 2776 opus

207 2776 410 2851 habet,
435 2777 559 2839 nisi
585 2786 656 2839 ut
678 2778 867 2860 pedes
884 2777 1082 2853 lavet,
1108 2778 1219 2839 sed
1257 2786 1348 2840 est
1389 2778 1652 2839 mundus
1693 2786 1875 2853 totus,
1902 2787 1962 2840 et

206 2881 316 2923 vos
340 2860 555 2923 mundi
580 2861 743 2923 estis.

289 2943 437 3006 Jam
489 2943 653 3025 quod
710 2942 966 3005 traditur
1012 2943 1091 3005 de
1140 2943 1448 3026 spiritibus
1497 2943 1591 3004 vel
1642 2942 1960 3004 animabus

211 3037 584 3089 mortuorum
642 3026 1070 3110 apparentibus
1120 3025 1444 3108 aliquando
1490 3026 1849 3099 viventibus,
1898 3036 1961 3086 et

210 3109 556 3191 petentibus
585 3110 664 3171 ab
700 3110 787 3172 eis
829 3108 1044 3182 officia,
1072 3110 1293 3191 quibus
1335 3108 1681 3183 liberentur,
1708 3107 1962 3190 deputa-

212 3212 350 3253 mus
376 3212 456 3273 ap
535 3190 778 3254 ritiones
805 3212 907 3254 eas
940 3193 1096 3254 inter
1131 3191 1407 3266 ludibria,
1436 3202 1610 3265 artes,
1637 3203 1700 3251 et
1741 3189 1962 3275 decep-

211 3273 406 3335 tiones
502 3273 705 3347 iaboli,
720 3274 824 3355 qui
856 3285 926 3335 ut
944 3285 1144 3357 potest
1163 3296 1226 3335 se
1246 3276 1666 3355 transfigurare
1688 3273 1749 3334 in
1773 3294 1961 3356 ange-

209 3355 339 3420 lum
380 3356 549 3431 lucis,
577 3355 661 3417 ita
696 3357 914 3437 satagit
953 3357 1140 3418 fldem
1171 3378 1396 3429 veram,
1424 3356 1514 3416 vel
1555 3366 1838 3429 evertere,
1864 3357 1961 3419 vel

211 3439 276 3501 in
303 3438 557 3502 dubium
589 3460 882 3499 revocare.
939 3437 1244 3500 Dominus
1266 3438 1327 3499 in
1349 3437 1553 3500 Veteri
1570 3437 1962 3501 Testamento

210 3522 406 3584 vetuit
430 3522 742 3585 veritatem
774 3520 1135 3583 sciscitaris
1175 3520 1446 3597 mortuis,
1472 3532 1537 3584 et
1579 3520 1772 3584 ullum
1816 3542 1957 3584 cum

214 3605 521 3688 spiritibus
552 3605 773 3667 habere
801 3604 1256 3667 commercium.
1313 3602 1565 3668 Denter.
1593 3604 1762 3668 xviii.
1789 3603 1964 3690 Epu-

1665 3776 1699 3788 l
