2418 4172
429 332 534 384 120
1055 331 1542 387 CONFESSIO

431 483 591 535 tores
620 484 682 536 et
708 473 1011 558 principes
1040 486 1103 536 et
1130 486 1320 537 status
1349 474 1422 537 ad
1499 474 1738 537 raedicta
1764 474 2012 537 comitia
2043 497 2183 539 evo-

433 556 552 619 cati
595 556 783 620 simus
801 568 844 633 ⁸,
873 569 942 619 ut
982 556 1259 621 Caesareo
1298 579 1439 621 man
1518 567 1584 620 to
1624 556 1975 620 obedienter
2008 560 2182 621 obsc-

433 661 773 735 queremur,
817 651 1048 701 mature
1097 640 1373 702 venimus
1430 642 1788 725 Augustam.
1874 640 1978 717 Et,
2014 641 2180 725 quod
2239 656 2242 660 '

431 733 581 866 {ntra
611 722 967 804 jactantiam
1012 722 1246 787 dictum
1288 725 1588 798 volumus,
1631 723 1785 785 inter
1825 723 2054 806 primos
2094 724 2183 787 af-

461 827 678 867 ulmus.

515 887 674 951 Cum
723 886 735 899 ⁶
786 887 903 951 'tur
939 888 1015 951 V.
1054 888 1127 949 C.
1160 888 1254 951 M.
1283 889 1672 963 electoribus,
1703 887 2078 972 principibus
2118 900 2182 951 et

432 970 570 1032 aliis‘
606 908 859 1032 statiffus
903 969 1158 1053 imperii,
1186 970 1368 1032 etiam
1415 972 1514 1033 bic
1555 972 1847 1055 Augustae
1892 970 2005 1032 sub
2050 971 2182 1055 ipsa

430 1052 602 1115 initia
631 1053 847 1114 horum
878 1052 1259 1115 comitiorum
1291 1054 1448 1116 inter
1479 1066 1693 1116 coetera
1773 1054 1984 1138 roponi
2024 1052 2182 1116 fece-

430 1135 525 1212 rit,
555 1134 716 1217 quod
745 1134 964 1216 singuli
996 1145 1185 1196 status
1215 1136 1449 1219 imperii
1480 1137 1683 1220 vigore
1765 1137 1968 1199 oesarei
1997 1136 2178 1200 edicti

431 1240 606 1294 suam
636 1216 985 1300 opinionem
1016 1228 1075 1277 et
1104 1218 1464 1290 sententiam
1496 1218 1557 1282 in
1590 1219 1952 1282 Germanica
1979 1231 2042 1282 et
2060 1219 2182 1283 La-

427 1300 556 1363 tina
604 1299 686 1360 lin
777 1322 812 1360 a
858 1320 1191 1393 proponere
1243 1299 1504 1361 debeant
1559 1311 1741 1383 atque
1785 1301 2013 1363 offerre.
2095 1302 2184 1365 Et

427 1382 635 1444 habita
718 1382 1106 1443 eliberatione
1195 1382 1428 1445 roxima
1474 1382 1622 1444 feria
1671 1394 1902 1465 quarta,
1942 1405 2181 1448 rursum

427 1486 780 1548 responsum
812 1475 904 1525 est
930 1464 1007 1525 V.
1038 1464 1110 1526 C.
1142 1404 1235 1526 fil.
1265 1488 1375 1526 nos
1403 1467 1683 1550 proxima
1709 1465 1857 1528 feria
1885 1476 2055 1528 sexta
2089 1490 2183 1530 ar-

425 1548 641 1610 ticulos
671 1558 889 1609 nostrae
918 1547 1330 1619 confessionis,
1374 1571 1441 1612 ro
1462 1559 1664 1611 nostra
1684 1560 1855 1632 parte
1873 1550 2180 1613 oblaturos

425 1654 574 1693 esse.
662 1630 809 1691 Ideo
838 1642 907 1691 ut
934 1630 1010 1692 V.
1040 1631 1112 1692 C.
1144 1631 1237 1692 M.
1267 1653 1344 1692 vo
1371 1633 1563 1693 untati
1587 1633 2013 1714 obsequamur,
2034 1633 2180 1696 offe-

425 1714 615 1776 rimus
646 1713 707 1775 in
740 1713 854 1774 hac
884 1713 1188 1797 religionis
1217 1737 1396 1785 causa
1426 1727 1766 1778 nostrorum
1797 1715 2182 1779 concionato-

425 1819 581 1872 rum,
609 1807 670 1857 et
698 1807 963 1857 nostram
994 1796 1453 1873 confessionem,
1473 1796 1812 1878 cujusmodi
1840 1797 2176 1869 doctrinam

423 1902 503 1942 ex
548 1878 856 1962 scripturis
906 1879 1145 1955 sanctis,
1169 1892 1248 1942 ·et
1285 1902 1442 1975 puro
1482 1881 1669 1942 verbo
1705 1879 1847 1958 Dei,
1884 1880 2179 1967 hactenus

424 1963 510 2025 illi
541 1962 603 2023 in
634 1962 853 2023 nostris
879 1961 1070 2036 terris,
1098 1962 1438 2038 ducatibus,
1466 1962 1818 2040 ditionibus,
1835 1975 1902 2027 et
1927 1965 2178 2028 urbibus

422 2044 795 2118 tradiderint,
828 2067 899 2106 ac
926 2045 990 2106 in
1020 2046 1289 2107 ecclesiis
1318 2047 1722 2108 tractaverint.

503 2128 686 2199 Quod
729 2126 778 2188 si
822 2140 885 2188 et
925 2128 1124 2189 coeteri
1151 2129 1482 2203 electores,
1527 2129 1829 2214 principes
1872 2150 1943 2192 ac
1976 2139 2179 2194 smus

422 2212 680 2308 imperii,
710 2210 1010 2272 similibus
1036 2211 1551 2294 scriptia-Latinis
1579 2212 1813 2275 scilicet
1840 2224 1902 2275 et
1922 2213 2180 2277 Ger-'a'-

419 2295 592 2369 nicls,
638 2294 817 2376 juxta
873 2293 1225 2377 praedictam
1282 2295 1624 2357 Caesaream
1679 2294 2179 2391 propositionem,

419 2400 555 2439 suas
593 2376 908 2461 opiniones
950 2377 1014 2437 in
1060 2377 1174 2439 bac
1216 2399 1395 2440 causa
1427 2378 1735 2461 religionis
1764 2379 2177 2462 produxerint,

420 2460 524 2521 hic
565 2482 675 2523 nos
718 2480 919 2521 coram
963 2459 1039 2521 V.
1069 2459 1141 2520 C.
1178 2460 1270 2521 M.
1314 2472 1606 2543 tanquam
1650 2461 1927 2523 Domino
1960 2475 2176 2525 nostro

417 2541 890 2606 clementissimo
931 2554 1169 2625 paratos
1209 2543 1534 2619 offerimus,
1566 2565 1677 2605 nos
1720 2564 1864 2606 cum
1905 2543 2175 2628 prefatis

418 2623 794 2708 principibus
822 2636 884 2685 et
912 2624 1125 2686 amicis
1149 2626 1390 2701 nostris,
1420 2625 1496 2687 de
1524 2626 1938 2689 tolerabilibus
1977 2628 2175 2691 modis

417 2729 490 2771 ac
543 2707 654 2769 viis
702 2707 895 2769 amice
941 2708 1227 2783 conferre,
1262 2721 1356 2785 -ut,
1393 2722 1695 2791 quantum
1746 2710 1999 2773 honeste
2040 2712 2171 2774 fieri

417 2801 637 2875 potest,
678 2789 1132 2866 conveniamus,
1179 2804 1243 2852 et
1288 2814 1354 2853 re
1400 2792 1558 2855 inter
1605 2815 1715 2854 nos
1763 2805 1983 2877 partos,
2025 2794 2174 2859 eitra

417 2873 690 2936 odiosam
731 2873 1201 2945 contentionem,
1228 2875 1478 2958 pacifice
1520 2876 1764 2958 agitata,
1790 2875 1931 2939 Deo
1963 2875 2174 2953 (laute,

417 2955 710 3018 dissensio
751 2954 1085 3032 dirimatur,
1113 2970 1175 3019 et
1218 2956 1290 3019 ad
1336 2980 1518 3020 unam
1564 2980 1765 3021 veram
1810 2959 2170 3030 concordari

416 3039 769 3123 religionem
798 3039 1153 3111 reducatur3
1198 3042 1354 3103 sicut
1387 3063 1601 3103 omnes
1629 3044 1743 3104 sub
1773 3063 1896 3104 uuo
1923 3042 2174 3105 Christo

416 3144 625 3184 sumus
653 3133 715 3184 et
743 3122 1096 3199 militamus,
1123 3136 1186 3186 et
1216 3146 1403 3187 unum
1431 3124 1745 3187 Christum
1771 3126 2046 3188 confiteri
2063 3123 2174 3189 do-

413 3206 664 3278 bemus;
697 3204 879 3286 juxta
916 3219 1185 3269 tenorem
1226 3208 1405 3271 edicti
1437 3208 1514 3269 V.
1541 3208 1614 3270 C.
1644 3208 1739 3271 M.
1768 3220 1831 3270 et
1859 3207 2168 3273 omnio&

414 3289 725 3350 veritatem
771 3288 891 3350 Dei
942 3289 1361 3374 perducantur,
1405 3290 1466 3353 id
1517 3291 1680 3374 quod
1733 3289 2167 3355 ardenensi-'is

414 3372 568 3432 votis
596 3395 630 3432 a
659 3372 799 3435 Deo
827 3373 1110 3458 petimus.
1711 3407 1713 3409 ·

497 3454 560 3514 Si
606 3467 827 3529 autem,
857 3457 1019 3538 quod
1057 3456 1129 3518 ad
1166 3467 1414 3520 caeteros
1443 3458 1746 3534 electores,
1772 3454 2074 3540 principe·
2096 3468 2165 3517 ct

411 3544 617 3609 status,
669 3549 736 3598 ut
791 3550 1023 3621 partem
1083 3541 1351 3617 alteram,
1401 3541 1635 3613 attinet,
1694 3539 1829 3602 hec
1883 3537 2163 3621 tractatio

892 3660 910 3681 ⁸
933 3649 1102 3710 simiis]
1128 3650 1195 3699 sic
1218 3651 1337 3701 Mel.
1359 3651 1483 3719 vulg.
1507 3667 1687 3700 sumus.
