2418 4172
445 343 551 398 172
1090 341 1575 398 CONFESSIO

442 498 590 558 tem,
628 496 916 567 tanquam
969 479 1308 545 ceremonia
1358 506 1392 546 a
1434 485 1680 547 Christo
1725 486 2018 549 instituta.
2105 487 2192 550 Et

441 567 602 650 quod
646 590 754 651 per
791 566 1157 651 baptismum
1199 567 1476 629 offeratur
1513 569 1702 650 gratia
1729 568 1887 630 Dei:
1930 582 1991 631 et
2026 569 2189 653 quod

436 649 698 712 infantes
741 650 861 710 sint
906 649 1282 732 baptizandi:
1327 662 1388 711 et
1423 649 1585 732 quod
1622 650 1877 713 infantes
1906 674 2013 735 per
2042 654 2191 737 bap-

440 733 687 793 tismum
736 732 875 793 Deo
923 732 1349 806 commendati,
1397 733 1512 794 reci
1562 732 1758 795 iantur
1813 735 1874 795 in
1932 735 2185 817 gratiam

437 814 579 887 Dei,
628 827 690 876 et
736 817 884 875 fiant
928 815 1035 875 fflii
1081 814 1222 889 Dei,
1264 817 1418 877 sicut
1463 816 1515 876 C
1565 816 1742 877 ristus
1791 829 2061 891 testatur,
2102 818 2190 878 lo-

439 919 629 978 quens
668 897 743 957 de
829 896 1044 957 arvulis
1082 898 1141 957 in
1174 898 1442 973 ecclesia,
1471 899 1698 959 Matth.
1728 900 1893 960 xviii.
1922 900 2068 962 Non
2098 907 2190 962 est

436 979 720 1041 voluntas
825 979 983 1075 atris
1022 979 1211 1076 uestri
1251 981 1358 1063 qui
1398 982 1462 1042 in
1506 980 1673 1042 coelis
1719 990 1828 1057 est,
1863 991 1934 1044 ut
1968 990 2189 1064 pereat

437 1060 1299 1225 ungaffingzffdffbffliiisms,
1316 1143 1422 1223 qui
1445 1145 1791 1227 improbant
1814 1146 2184 1230 baptismum

439 1226 758 1300 infantum,
810 1236 872 1285 et
926 1223 1228 1285 affirmant
1283 1225 1539 1285 infantes
1596 1226 1723 1288 sine
1769 1228 2071 1311 baptismo
2123 1241 2188 1292 et

437 1319 605 1369 extra
633 1307 944 1370 ecclesiam
978 1306 1204 1367 Christi
1236 1307 1428 1367 salvos
1458 1307 1605 1368 fieri.

1270 1448 1352 1511 X.

436 1540 588 1623 DE
615 1576 793 1615 coena
820 1552 1075 1614 Domini
1114 1552 1353 1627 docent,
1382 1552 1544 1634 quod
1584 1575 1722 1614 cum
1764 1575 1922 1637 pane
1956 1565 2020 1616 et
2045 1556 2188 1619 vino

434 1659 574 1698 vere
616 1638 1015 1698 exhibeantur
1050 1657 1267 1728 corpus
1306 1647 1369 1697 et
1406 1636 1646 1717 sanguis
1688 1636 1915 1699 Christi
1944 1660 2188 1701 vescen-

434 1720 596 1782 tibus
627 1720 688 1780 in
718 1741 894 1780 coena
922 1718 1195 1779 Dom1n1.

1182 1899 1186 1905 -
1252 1861 1372 1923 XI.

434 1951 587 2034 DE
610 1966 969 2050 poenitentia
989 1965 1228 2039 docent,
1249 1962 1409 2046 quod
1441 1962 1622 2047 lapsis
1650 1976 1788 2048 post
1815 1966 2184 2050 baptismum

432 2051 782 2131 contingere
823 2047 1015 2132 possit
1055 2047 1325 2108 remissio
1372 2058 1781 2129 peccatorum,
1823 2069 2187 2132 quocunque

433 2146 722 2216 tempore,
750 2153 889 2193 cum
932 2141 1377 2191 convertuntur.
1462 2128 1547 2190 Et
1580 2129 1745 2223 quod
1775 2131 2025 2193 ecclesia
2052 2132 2189 2195 tali·

435 2218 567 2291 bus,
596 2213 983 2276 redeuntibus
1022 2211 1096 2273 ad
1136 2211 1579 2296 poenitentiam,
1608 2214 1912 2296 impertire
1948 2215 2187 2277 absolu-

434 2299 660 2360 tionem
693 2298 927 2358 debeat.

516 2382 773 2443 Constat
802 2391 1007 2440 autem
1038 2377 1416 2460 poenitentia,
1446 2376 1563 2439 hoc
1591 2389 1702 2450 est,
1730 2378 2039 2440 conversio
2072 2379 2186 2442 im·

432 2465 540 2547 pii,
616 2463 810 2545 roprie
839 2461 933 2521 his
963 2460 1197 2520 duabus
1225 2459 1514 2543 partibus.
1601 2460 1806 2521 Altera
1840 2473 1932 2522 est
1963 2463 2183 2524 contri·

434 2547 539 2621 tio,
570 2487 685 2606 iioc
714 2555 827 2617 est,
855 2555 1104 2604 terrores
1134 2542 1356 2603 incussi
1388 2543 1767 2604 conscientioe
1799 2544 2007 2624 agnito
2044 2567 2186 2628 pec-

434 2640 590 2703 cato,
619 2628 679 2688 in
709 2627 932 2709 quibus
958 2637 1021 2686 et
1050 2625 1197 2686 iram
1230 2625 1348 2686 Dei
1382 2626 1782 2706 agnoscimus,
1810 2637 1873 2687 et
1908 2626 2183 2691 dolemus

435 2734 543 2773 nos
600 2731 898 2795 peccasse,
939 2719 1001 2768 et
1057 2719 1303 2790 peccata
1359 2706 1728 2769 detestamur
1778 2730 1850 2770 ac
1898 2708 2182 2792 fugimus.

434 2795 605 2856 Sicut
652 2793 791 2855 Joel
844 2790 1251 2865 concionatur,
1300 2789 1571 2853 scindite
1626 2791 1807 2853 corda
1854 2800 2076 2869 vestra,
2125 2802 2186 2856 et

433 2899 552 2939 non
582 2876 941 2939 vestimenta
966 2881 1189 2949 vestra,
1219 2881 1278 2935 et
1307 2875 1721 2936 convertimini
1748 2874 1834 2936 ad
1850 2874 2185 2940 Βοηιίηιηιι

436 2961 645 3021 Deum
694 2967 982 3031 vestrum,
1032 2958 1143 3018 διο.
1230 2956 1437 3018 Altera
1537 2980 1628 3019 ars
1685 2968 1777 3018 est
1833 2957 2003 3033 fides,
2047 2980 2183 3042 quoe

434 3042 772 3126 concipitur
813 3063 890 3102 ex
933 3040 1244 3122 evangelio
1295 3061 1397 3100 seu
1456 2981 1850 3116 absolutione,
1891 3052 1955 3103 et
1994 3041 2186 3104 credit

434 3128 688 3209 propter
704 3124 1015 3185 Christum
1062 3135 1225 3184 certo
1265 3122 1486 3184 remitti
1532 3135 1779 3206 peccata
1814 3136 1877 3185 et
1913 3124 2183 3187 consola-

434 3223 531 3270 tur
574 3207 1023 3280 conscientiam,
1064 3218 1126 3267 et
1167 3227 1242 3267 ex
1285 3208 1608 3268 terroribus
1652 3206 1901 3278 liberat;
1942 3206 2022 3269 de
2060 3224 2183 3289 qua

435 3292 554 3352 fide
598 3291 818 3352 Paulus
863 3288 1146 3371 loquitur,
1187 3311 1327 3351 cum
1381 3288 1483 3364 ait,
1522 3286 2178 3384 Justficatifidepo·

436 3396 561 3435 cem
605 3374 908 3435 habemus.
995 3370 1234 3433 Deinde
1280 3372 1448 3453 sequi
1499 3372 1722 3434 debent
1767 3374 1908 3433 bom
1950 3370 2178 3433 fructus

437 3456 828 3548 poenitentioe,
874 3456 990 3516 hoc
1032 3467 1141 3530 est,
1182 3454 1525 3517 obedientia
1566 3477 1708 3552 erga
1744 3454 1970 3525 Deum,
1998 3450 2180 3533 juxta

437 3538 621 3609 nnud;
678 3538 1006 3600 Debitores
1053 3559 1264 3599 sumus
1319 3559 1439 3600 non
1494 3557 1685 3612 carne,
1725 3543 1795 3598 ut
1848 3533 2178 3597 mmm
