2418 4172
828 338 1328 392 PRAEFATlo.
1857 342 1908 396 ix

153 488 201 547 ·,“
226 480 317 543 vis
353 500 496 562 ergo
524 478 845 541 doceamus
884 503 1026 542 cum
1056 480 1353 563 Apostolo
1390 479 1699 542 hominem
1730 484 1912 565 gratis

154 582 204 639 ‘⁸‘
220 575 537 657 justificari
580 598 687 659 per
716 575 897 637 fidem
943 576 1006 637 in
1035 575 1373 649 Christum,
1401 589 1461 636 et
1499 598 1617 637 non
1658 599 1765 659 per
1794 579 1916 639 ulla

163 680 202 711 “
229 694 412 756 opera
441 674 620 743 bona,
641 695 760 734 non
794 672 928 733 ideo
957 684 1164 734 tamen
1190 671 1615 755 vilipendimus
1645 685 1748 735 aut
1776 697 1917 735 con-

164 777 204 807 “
230 767 589 831 demnamus
622 791 802 852 opera
831 770 1005 829 bona.
1093 768 1255 829 Cum
1300 767 1560 829 sciamus
1607 770 1916 831 hominem

165 874 204 903 ‘⁴
232 886 347 927 nec
388 864 701 927 conditum
747 886 858 925 nec
901 864 1238 947 regenitum
1285 887 1414 925 esse
1466 887 1573 947 per
1616 865 1799 926 fidem
1852 879 1918 928 ut

164 968 202 999 ⁸⁸
230 961 471 1032 otietur,
508 960 610 1022 sed
662 961 882 1044 potius,
921 973 988 1022 ut
1033 960 1439 1021 indesinenter
1481 983 1616 1041 quae
1660 963 1818 1023 bona
1859 974 1920 1023 et

164 1065 204 1095 ‘⁸
233 1056 404 1119 utilia
433 1070 573 1118 sunt
600 1058 829 1118 faciat.”.
860 1060 944 1140 (p.
977 1062 1102 1137 55.)
1188 1057 1559 1139 Belgica—“
1591 1058 1919 1132 Caeterum,

164 1159 205 1191 “
233 1154 470 1238 proprie
513 1153 836 1235 loquendo,
866 1176 1244 1235 nequaquam
1293 1155 1684 1237 intelligimus
1729 1157 1918 1239 ipsam

156 1258 204 1289 ‘⁸‘
233 1250 413 1312 fldem
454 1274 561 1334 per
590 1273 671 1324 se,
701 1273 803 1311 seu
835 1272 910 1311 ex
951 1274 1032 1324 se,
1061 1273 1171 1311 nos
1189 1251 1543 1331 justificare,
1573 1266 1642 1314 ut
1670 1276 1806 1334 quae
1843 1255 1920 1316 sit

169 1357 206 1385 ‘⁴
233 1346 528 1408 duntaxat
555 1348 736 1408 veluti
778 1349 1268 1423 instrumentum,
1296 1372 1418 1430 quo
1447 1350 1760 1412 Christum
1788 1352 1921 1431 jus-

169 1449 206 1479 “
234 1442 430 1506 titiam
475 1457 739 1505 nostram
775 1444 1337 1526 apprehendimus.”
1371 1448 1459 1528 (p.
1489 1454 1660 1522 340.)
1764 1447 1923 1509 Rur-

168 1559 307 1611 ιιιος
348 1547 386 1576 “
411 1539 678 1600 Tantum
724 1541 894 1600 abest
932 1540 1115 1621 igitur
1143 1554 1211 1600 ut
1239 1541 1388 1602 fides
1427 1542 1556 1603 baec
1582 1542 1921 1622 justificans

168 1643 208 1672 ‘⁸
237 1634 512 1696 homines
543 1658 577 1696 a
606 1645 770 1696 reeta
797 1647 1121 1717 sanctaque
1149 1636 1387 1696 vivendi
1427 1638 1656 1698 ratione
1695 1651 1923 1714 avocet,

168 1737 207 1767 “
234 1740 340 1792 aut
368 1730 686 1814 tepidiores
723 1729 961 1801 efficiat,
989 1741 1057 1790 ut
1098 1743 1306 1791 contra
1346 1733 1573 1813 absque
1611 1733 1712 1794 illa
1741 1757 1924 1796 nemo

98 1877 109 1887 .
169 1834 208 1863 ‘⁴
235 1846 505 1907 unquam
535 1827 859 1908 quicquam
892 1828 1034 1888 boni
1063 1840 1310 1910 propter
1324 1829 1530 1890 Deum
1557 1829 1687 1909 (sed
1717 1833 1924 1892 omnia

171 1932 208 1959 ‘⁶
236 1922 329 1983 vel
358 1934 604 2006 propter
632 1924 917 2007 seipsum,
939 1925 1030 1984 vel
1061 1925 1141 1984 ob
1171 1938 1402 1992 metum
1424 1926 1606 2005 justae
1635 1927 1922 1989 condem·

170 2026 208 2055 ‘⁶
236 2018 520 2100 nationis)
553 2043 726 2102 agere
763 2033 942 2102 atque
980 2021 1209 2103 operari
1239 2023 1447 2105 possit.
1534 2023 1692 2083 Fieri
1722 2024 1924 2106 itaque

173 2123 210 2149 ‘⁶
238 2135 359 2176 non
402 2127 603 2197 potest
644 2128 712 2178 ut
752 2118 884 2178 haec
914 2116 1062 2177 fides
1103 2130 1307 2179 sancta
1346 2119 1406 2179 in
1451 2118 1696 2180 homine
1734 2121 1926 2182 otiosa

173 2217 209 2246 “
237 2211 334 2272 sit.
418 2212 636 2295 Neque
684 2215 847 2275 enim
895 2213 1202 2294 loquimur
1246 2214 1322 2275 de
1375 2216 1492 2276 fide
1541 2240 1697 2279 vana
1744 2230 1925 2300 atque

172 2313 211 2343 “
242 2318 496 2380 mortua,
519 2309 620 2370 sed
652 2309 727 2370 de
755 2333 825 2370 ea
853 2322 1092 2370 tantum
1124 2332 1259 2391 quoe
1289 2311 1350 2371 in
1378 2312 1686 2395 Scriptura
1706 2314 1927 2376 dieitur

0 2389 10 2478 ᾗ
171 2410 212 2439 “
231 2425 346 2488 per
365 2405 716 2467 charitatem
749 2406 1015 2489 operari3
1046 2426 1301 2488 quaeque
1331 2408 1590 2491 impellit
1612 2410 1922 2473 hominem

0 2506 4 2564 l
172 2503 210 2532 “
237 2509 307 2558 ut
347 2498 408 2559 in
455 2499 568 2560 illis
613 2523 740 2562 sese
781 2502 1061 2584 operibus
1097 2514 1391 2577 exerceat,
1421 2525 1556 2583 quae
1586 2503 1757 2565 Deus
1797 2505 1924 2588 ipse
1977 2535 1982 2538 ·

0 2581 39 2681 {²3
80 2613 118 2657 ο
158 2601 211 2631 ·“
239 2593 302 2676 in
331 2596 512 2656 verbo
541 2619 651 2657 suo
678 2598 1011 2683 proecepit.”
1044 2600 1132 2681 (p.
1161 2603 1330 2678 341.)
1417 2599 1641 2660 Sedulo
1673 2613 1925 2683 utraque

10 2765 13 2771 ι
91 2673 503 2772 'pkfflvere
531 2692 785 2768 videtur,
815 2717 891 2754 ne
929 2694 1143 2755 subitae
1171 2696 1544 2756 conversioni
1575 2708 1679 2757 aut
1709 2698 1954 2758 enthu-.

174 2785 427 2864 siasticae
453 2787 595 2849 fidei
626 2789 816 2851 fidant
844 2790 1140 2851 homines,
1210 2790 1587 2873 Augustana,
1609 2792 1684 2852 de
1714 2793 1922 2853 eadem

0 2924 10 2993 ι
173 2891 358 2944 re——“
387 2885 654 2946 Primum
689 2886 870 2968 igitur
897 2886 972 2947 de
1002 2886 1120 2947 fide
1154 2898 1216 2947 et
1242 2886 1677 2966 justificatione
1707 2889 1792 2949 sic
1820 2888 1928 2949 do-

0 2993 11 3058 l
175 2987 212 3016 “
241 2993 403 3055 oent,
418 2982 696 3044 Christus
725 2996 865 3066 apte
894 2985 1249 3067 complexus
1277 2996 1370 3045 est
1398 3007 1707 3046 summum
1727 2985 1927 3045 Evan-

0 3083 11 3142 l
177 3085 214 3112 “
243 3077 401 3159 gelii,
430 3100 572 3139 eum
601 3079 1033 3140 LucaeMltimo
1052 3079 1230 3159 jubet
1251 3079 1557 3161 praedicari
1590 3079 1648 3139 in
1681 3080 1926 3140 nomine

0 3147 8 3201 Ι
177 3180 213 3235 .“
244 3194 355 3232 suo
420 3175 842 3255 poenitentiam
906 3187 968 3235 et
1036 3174 1448 3235 remissionem
1518 3187 1924 3256 peccatorum.

69 3327 75 3337 ,
179 3276 215 3305 “
243 3267 408 3330 Nam
439 3269 838 3353 Evangelium
883 3270 1078 3353 arguit
1121 3282 1385 3354 peccata,
1415 3281 1476 3330 et
1515 3269 1763 3350 requirit
1792 3292 1927 3353 poe-

55 3373 60 3427 1
112 3375 216 3473 *⁴⁴
244 3365 583 3439 nitentiam‚
603 3379 664 3426 et
693 3367 872 3427 simul
901 3367 1072 3427 offert
1100 3365 1512 3426 remissionem
1541 3377 1925 3446 peccatorum

29 3447 58 3454 ‘¹
156 3469 216 3505 '⁴‘
247 3475 490 3545 propter
505 3461 838 3532 Christum,
861 3461 1063 3543 gratis,
1090 3482 1208 3521 non
1241 3471 1483 3542 propter
1502 3473 1768 3522 nostram
1798 3462 1929 3545 dig-

29 3573 35 3578 ·
143 3621 147 3626 ,
181 3558 517 3621 finitatem.
587 3558 671 3620 Et
694 3558 851 3620 sicut
883 3556 1227 3618 universalis
1257 3568 1347 3618 est
1376 3558 1750 3639 poenitentiae
1778 3582 1928 3643 prae-

1669 3775 1702 3787 l
