2418 4172
517 385 628 438 880
1109 380 1670 437 CA'TECHESIS

516 525 617 587 m‘o
646 530 737 585 est
760 522 1083 605 sanguinis
1117 521 1352 583 Christi
1375 525 1414 584 9
1456 522 1671 593 Panis,
1871 521 2264 608 Μείνας,

517 628 710 669 tumme
763 606 1093 667 communio
1149 613 1241 666 est
1297 606 1567 685 corporis
1630 544 1867 667 Czristi
1884 607 1925 666 9
1978 608 2264 689 quoniam

516 711 677 752 unus
697 689 899 771 panis,
927 709 1117 749 unum
1145 709 1365 769 corpus
1391 687 1572 749 multi
1595 708 1805 749 sumus
1822 715 1844 759 ,-
1889 709 2036 750 nam
2060 710 2265 751 omnes

515 774 696 834 unius
713 772 899 853 panis
916 771 1256 853 participes
1280 792 1506 831 sumus.

598 864 700 930 78.
730 853 902 914 Num
932 875 1080 936 ergo
1101 855 1286 934 panis
1313 862 1372 914 et
1398 850 1788 935 vinumfiunt
1814 853 2011 934 ipsum
2044 872 2266 934 corpus

516 946 578 999 ei
602 936 860 1021 sanguis
893 936 1131 998 Christi
1150 937 1189 995 9

598 1019 1042 1101 Nequaquam:
1086 1038 1292 1078 verum
1324 1027 1392 1078 ut
1419 1039 1574 1099 aqua
1604 1017 1889 1100 baptismi
1919 1017 1982 1078 in
2021 1016 2266 1099 sangui·

515 1123 654 1163 nem
686 1100 914 1161 Christi
959 1122 1080 1160 non
1124 1100 1507 1174 convertitur,
1533 1122 1645 1160 nec
1682 1111 1775 1159 est
1817 1100 1947 1192 ipsa
1984 1110 2266 1182 peccato-

515 1205 647 1244 rum
673 1182 923 1254 ablutio,
942 1180 1048 1241 sed
1069 1181 1418 1263 symbolum
1447 1191 1687 1241 tantum
1718 1192 1779 1241 et
1805 1202 2027 1262 pignus
2056 1201 2263 1243 earum

514 1287 713 1326 rerum
736 1265 785 1338 ¹²,
806 1285 942 1344 quae
965 1264 1138 1324 nobis
1161 1263 1225 1322 in
1248 1263 1551 1345 baptismo
1571 1262 1967 1344 obsignantur
1985 1286 2004 1324 ε
2045 1263 2131 1324 ita
2151 1285 2266 1326 uec

511 1348 686 1430 panis
715 1367 907 1408 coenae
935 1345 1284 1407 Dominicoe
1326 1356 1419 1406 est
1462 1345 1661 1427 ipsum
1706 1366 1922 1427 corpus
1964 1343 2265 1407 Christiix

512 1450 884 1511 quamquam
937 1450 1048 1511 pro
1091 1427 1322 1489 ratione
1367 1438 1899 1502 sacramentorum,
1941 1436 2004 1488 et
2047 1426 2268 1489 usitata

513 1512 766 1595 Spiritui
786 1513 1011 1573 Sancto
1032 1510 1110 1572 de
1132 1510 1227 1571 his
1245 1510 1531 1592 loquendi
1556 1509 1750 1571 forma
1768 1508 1821 1583 ¹¹,
1842 1509 2015 1592 panis
2034 1509 2265 1572 Christi

455 1644 460 1649 .
513 1617 730 1677 corpus
761 1594 1116 1677 appellatur.

596 1687 696 1753 79.
735 1678 865 1737 Cur
892 1699 1040 1758 ergo
1076 1675 1358 1737 Christus
1374 1695 1600 1756 panem
1627 1673 1899 1755 appellat
1923 1694 2100 1735 suum
2133 1695 2265 1736 cor·

504 1781 644 1841 pus,
663 1759 911 1820 calicem
933 1780 1075 1819 vero
1093 1780 1272 1819 suum
1292 1758 1675 1839 sanguinem,
1695 1778 1802 1816 seu
1825 1754 2266 1840 novumsoedus

504 1863 623 1923 per
640 1862 816 1902 suum
844 1842 1237 1924 sanguinem.-
1268 1839 1514 1900 Paulus
1542 1840 1686 1900 item
1706 1860 1931 1919 panem
1962 1846 2023 1900 et
2055 1840 2264 1901 vinum

514 1925 985 1987 communionem
1013 1923 1282 2016 corporis
1310 1931 1370 1983 et
1394 1922 1720 2003 sanguinis
1755 1920 1991 1982 Christi
2009 1921 2050 1981 9

595 2006 875 2067 Christus
909 2026 1033 2065 non
1073 2026 1202 2065 sine
1237 2003 1401 2086 gravi
1436 2024 1614 2064 eausa
1648 2002 1781 2063 sicl
1867 2002 2060 2063 uiturz
2102 2001 2267 2065 vide-

513 2090 673 2163 licet,
703 2110 825 2148 non
860 2087 1058 2147 solum
1098 2096 1167 2147 ut
1200 2108 1311 2146 nos
1345 2085 1577 2158 doceat,
1607 2103 1829 2165 querna
1874 2083 2126 2147 modum
2158 2106 2268 2167 pa-

512 2172 605 2232 nis
651 2181 714 2231 et
753 2170 967 2230 vinum
1009 2168 1275 2251 corporis
1317 2169 1502 2229 vitam
1549 2178 1907 2242 sustentant,
1947 2167 2036 2229 sic
2077 2166 2265 2229 etiam

512 2252 874 2316 crucifixum
917 2273 1092 2313 suum
1139 2273 1357 2334 corpus
1399 2261 1462 2311 et
1502 2250 1760 2311 effusum
1799 2271 1978 2311 suum
2021 2250 2266 2333 sangui-

513 2357 676 2411 nem,
705 2357 841 2396 vere
869 2356 998 2395 esse
1029 2334 1245 2396 animae
1275 2343 1495 2394 nostrae
1529 2333 1736 2394 cibum
1771 2354 1842 2394 ac
1878 2342 2115 2416 potum,
2140 2354 2266 2414 quo

513 2419 588 2481 ad
631 2419 820 2479 vitam
861 2427 1147 2478 aeternam
1178 2414 1545 2478 nutriatur¹:
1588 2437 1797 2476 verum
1825 2414 2023 2476 multo
2050 2415 2266 2508 magis,

516 2513 583 2562 ut
612 2502 732 2562 hoc
758 2499 979 2562 visibili
1009 2500 1185 2582 signo
1213 2521 1283 2560 ac
1308 2499 1559 2591 pignore
1588 2497 1763 2557 nobis
1794 2508 2025 2560 certum
2063 2497 2265 2570 faciat,

514 2606 623 2646 nos
645 2605 768 2643 non
791 2582 995 2643 minus
1016 2604 1152 2642 vere
1172 2602 1433 2664 corporis
1454 2589 1517 2641 et
1538 2579 1845 2661 sanguinis
1867 2579 1980 2654 sui,
1996 2600 2104 2662 per
2118 2600 2265 2662 ope-

515 2665 811 2727 rationem
842 2664 1100 2746 Spiritus
1121 2663 1349 2737 Sancti,
1370 2662 1689 2746 participes
1717 2684 1866 2735 esse,
1885 2683 2069 2744 quam
2100 2683 2266 2723 saci-a

515 2749 632 2810 ista
657 2747 953 2831 symbola,
982 2748 1044 2807 in
1073 2746 1201 2826 ejus
1231 2745 1606 2819 memoriam,
1633 2766 1735 2805 ore
1772 2743 2039 2827 corporis
2073 2744 2267 2838 perui·

515 2832 715 2914 pimus
738 2841 815 2890 ¹¹¹:
859 2840 992 2890 tum
1022 2828 1227 2902 etiam,
1255 2827 1416 2910 quod
1448 2827 1575 2908 ejus
1605 2826 1804 2921 passio
1832 2839 1895 2887 et
1921 2825 2301 2888 obedientia·

515 2926 640 2975 tam
692 2922 855 2974 certo
899 2922 1102 2972 nostra
1144 2911 1241 2982 sit,
1283 2932 1465 2991 quam
1512 2911 1560 2970 si
1605 2909 1850 2994 ipsimet
2045 2908 2264 2971 nostris

516 2996 779 3080 peccatis
806 3016 1020 3078 poenas
1048 2993 1441 3068 dedissemus,
1470 3005 1532 3055 et
1556 2992 1696 3054 Deo
1724 2992 1865 3054 satis
1891 2992 2236 3055 eci-semus.

600 3091 699 3141 80.
750 3077 924 3143 Quid
959 3078 1214 3139 interest
1255 3078 1415 3138 inter
1443 3097 1672 3139 coenam
1699 3075 1981 3151 Domini,
2023 3083 2084 3138 et
2123 3074 2266 3136 mis·

516 3184 645 3223 sam
668 3161 1036 3243 papisticam
1057 3161 1096 3221 9

598 3244 795 3305 Coena
821 3243 1077 3304 Domini
1121 3241 1294 3302 nobis
1339 3252 1609 3316 testatur,
1651 3262 1760 3301 nos
1802 3241 2133 3324 perfectam
2176 3260 2265 3302 ne-

585 3395 606 3425 ’·
637 3396 785 3444 Matt.
804 3394 924 3443 xxvi.
953 3409 1031 3459 ²9·
1098 3394 1251 3443 Marc.
1277 3394 1369 3443 xiv.
1397 3410 1475 3455 24.
1614 3394 1626 3426 ὅ
1662 3409 1680 3442 1
1712 3396 1825 3442 Cor.
1848 3410 1893 3442 x.
1928 3392 2002 3450 16.
2034 3403 2110 3453 17.
2128 3400 2179 3439 et
2199 3389 2260 3439 xi.
2372 3448 2385 3459 .

522 3464 599 3519 26.
623 3463 702 3512 28.
854 3460 878 3492 ¹¹
914 3463 1038 3511 Gen.
1073 3461 1178 3509 xvii.
1216 3476 1291 3518 ιο,
1325 3477 1399 3518 11,
1434 3476 1506 3523 14,
1539 3476 1614 3525 19.
1684 3460 1836 3509 Exod.
1863 3458 1942 3508 xii.
1969 3459 2049 3515 26.
2076 3470 2155 3519 27.
2178 3470 2261 3519 43,

516 3531 598 3590 48.
622 3540 671 3578 et
696 3528 792 3577 xiii.
821 3545 870 3591 9.
928 3531 1034 3578 Act.
1061 3528 1138 3576 vii.
1164 3530 1208 3577 8.
1269 3529 1423 3578 Exod.
1445 3527 1565 3576 xxiv.
1592 3529 1637 3577 8.
1700 3526 1854 3577 lavit.
1875 3523 1964 3575 xvi.
1992 3523 2260 3573 rmetxvii.

511 3610 599 3644 .11.
660 3595 823 3645 1sa.vi.
839 3595 888 3650 6.
912 3609 955 3658 7.
1014 3597 1112 3645 Tit.
1130 3594 1194 3645 iii.
1214 3611 1262 3658 5.
1320 3597 1426 3645 Act.
1446 3595 1552 3646 xxii.
1576 3596 1650 3644 16.
1711 3609 1728 3643 1
1758 3595 1858 3642 Pet.
1874 3591 1938 3640 iii.
1960 3605 2040 3640 at.
2102 3605 2119 3639 1
2147 3592 2260 3641 Cor.

519 3677 565 3709 x.
598 3677 738 3721 1—4.
878 3665 887 3694 ¹
922 3664 1036 3712 Joh.
1060 3664 1119 3710 νὶ.
1148 3676 1229 3724 5¹·
1256 3675 1336 3725 55,
1363 3664 1444 3726 5⁶·
1582 3668 1618 3693 ⁸⁸
1660 3676 1676 3710 1
1706 3663 1820 3709 Cor.
1843 3674 1889 3708 x.
1922 3657 1996 3715 16.
2023 3670 2098 3719 17.
