2418 4172
483 370 592 424 306
1093 370 1582 426 CONFESSIO

482 512 827 574 doceantur.
915 513 1061 574 Noii
1099 513 1233 588 alia,
1262 514 1465 595 inquit
1490 513 1813 588 Antonius,
1841 513 2025 576 babes
2058 533 2230 574 exer·

485 595 628 657 citia
654 595 931 657 duriora?
976 596 1274 656 Parumne
1316 595 1571 657 sustinet
1601 595 1835 670 laboris,
1862 596 2062 678 inquit
2097 596 2230 668 iste,

529 677 590 740 ui
615 677 862 740 familia?
892 678 1119 739 victum
1161 678 1412 760 quaerit?
1455 691 1517 739 et
1555 679 1747 739 multa
1788 677 2042 739 subinde
2071 678 2231 740 inci·

485 699 661 836 dunt,
687 783 822 843 quae
860 761 1354 844 patremfamilias
1391 761 1617 822 duriter
1645 761 2008 834 excruciant,
2034 771 2099 820 et
2132 781 2231 821 ac-

487 842 709 922 cedunt
739 867 920 905 onera
948 844 1294 905 communia
1324 844 1566 905 civium.
1653 844 1796 904 Non
1827 842 2012 918 vides,
2039 862 2234 923 quan·

485 937 618 986 tum
672 927 749 987 sit
796 927 1163 1009 privatarum
1216 939 1278 987 et
1327 927 1700 1008 publicarum
1752 926 2125 986 miseriarum
2167 923 2233 985 in

488 1009 652 1070 vita?
694 1031 842 1089 quas
887 1020 1047 1068 recte
1086 1006 1255 1083 ferre,
1282 1021 1344 1068 et
1385 1010 1448 1070 iii
1496 1010 1589 1069 liis
1632 1031 1906 1069 exercere
1950 1006 2131 1068 fidem
2171 1014 2236 1067 et

485 1091 865 1174 patientiam,
921 1091 1063 1150 satis
1117 1090 1327 1151 duram
1387 1091 1663 1152 militiam
1722 1113 1851 1151 esse
1906 1089 2235 1151 existimes.

487 1173 659 1233 Abiit
705 1172 1026 1246 Antonius,
1070 1184 1131 1232 et
1176 1173 1477 1233 intellexit
1526 1196 1589 1235 se
1640 1172 2112 1245 commonefieri,
2158 1191 2237 1231 ne

488 1255 805 1315 anteferret
834 1276 940 1314 sua
969 1255 1251 1315 exercitia
1270 1254 1481 1315 officiis
1498 1256 1636 1316 vitae
1655 1255 2018 1316 communis.
2056 1253 2237 1316 Tales

488 1337 872 1409 narrationes,
899 1348 962 1397 et
991 1336 1143 1411 aliae,
1174 1337 1487 1418 leguntur:
1530 1359 1666 1418 quoe
1707 1337 1943 1398 etiamsi
1981 1334 2238 1397 docendi

488 1441 669 1480 causa
697 1419 916 1502 scripta
945 1432 1105 1494 sunt,
1131 1431 1335 1480 tamen
1372 1420 1698 1481 ostendunt
1735 1418 2107 1480 cruditorum
2135 1417 2243 1497 ju-

487 1501 661 1563 dicia.
744 1502 880 1563 Nec
926 1501 1056 1581 jam
1109 1503 1440 1582 longiorem
1498 1502 1965 1585 disputationem
2023 1499 2244 1561 addere

488 1606 639 1667 opus
668 1597 778 1659 est,
805 1585 1133 1667 praesertim
1166 1608 1306 1646 cum
1346 1607 1526 1646 nemo
1556 1587 1615 1646 in
1646 1586 1763 1645 illis
1794 1585 1938 1645 locis
1964 1583 2068 1645 ubi
2098 1594 2245 1644 sunt

490 1669 798 1741 monachi,
837 1669 1089 1761 ignoret,
1126 1668 1452 1751 plurimum
1500 1691 1629 1728 esse
1720 1688 1991 1728 ravamrn
2037 1686 2244 1748 super-

490 1750 803 1811 stitionum
862 1772 926 1810 iii
987 1752 1382 1825 monasteriis,
1438 1763 1500 1811 et
1556 1765 1650 1811 stu
1698 1752 1752 1810 ia
1807 1750 2094 1811 doctrinm
2142 1746 2239 1807 vel

488 1833 674 1906 nulla,
718 1833 810 1892 vel
864 1844 1145 1915 corrupta
1189 1855 1334 1905 esse.
1422 1833 1935 1894 Deliberationem
1980 1852 2122 1893 vero
2163 1829 2242 1890 de

490 1914 673 1977 modo
699 1914 1135 1976 emendationis
1165 1916 1561 1997 relinquimus
1589 1916 1661 1976 iis
1691 1916 1796 1995 qui
1829 1925 2111 2008 praesunt.

576 1998 651 2059 In
681 1997 887 2058 multis
918 1997 1064 2057 locis
1093 1996 1312 2058 desunt
1340 2011 1606 2079 pastores
1634 1997 1922 2070 ecclesiis,
1942 2007 2049 2058 aut
2072 1994 2244 2056 deest
2342 2027 2346 2029 >

384 2115 394 2128 =
490 2081 686 2142 victus
732 2079 1088 2173 pastoribus.
1175 2080 1295 2173 His
1342 2081 1604 2162 primum
1650 2077 2072 2161 opitulandum
2116 2078 2247 2138 erat

490 2185 567 2224 ex
625 2162 914 2222 reditibus
972 2175 1471 2223 monasteriorum
1531 2162 1946 2245 locupletium.
2030 2160 2246 2221 Postea

489 2267 826 2329 pauperum
873 2266 1118 2325 quoque
1165 2244 1363 2306 studia
1407 2244 1547 2306 inde
1580 2245 1849 2326 juvanda
1890 2256 2051 2318 sunt,
2076 2254 2141 2304 et
2180 2242 2244 2303 in

491 2328 792 2409 aliquibus
836 2328 1060 2388 scholae
1103 2329 1386 2389 constitui
1431 2339 1702 2410 possunt,
1731 2326 2060 2410 praesertim
2100 2346 2240 2387 cum

492 2433 735 2472 necesse
780 2411 877 2484 sit,
922 2410 1257 2471 Ecclesiam
1311 2410 1519 2471 multis
1566 2411 1932 2493 pauperibus
2023 2409 2246 2470 reba-e

493 2506 772 2575 sumptus
814 2492 889 2553 ad
934 2491 1308 2567 discendum,
1341 2507 1407 2554 ut
1444 2515 1520 2554 ex
1558 2516 1632 2553 eo
1674 2514 1928 2553 numero
2105 2503 2247 2551 ntur

492 2587 757 2659 pastores
796 2586 858 2635 et
900 2575 1158 2635 ministri
1188 2576 1292 2656 qui
1324 2574 1580 2636 doceant
1607 2574 1930 2636 Ecclesias.
2085 2572 2248 2655 ospi-

494 2658 638 2722 talia
681 2657 862 2718 etiam
908 2656 1050 2717 inde
1082 2657 1351 2737 juvanda
1392 2671 1551 2728 sunt,
1582 2658 1643 2718 in
1684 2658 1907 2739 quibus
1937 2659 2248 2740 pauperes,

495 2740 600 2822 qui
628 2739 928 2801 diuturnis
958 2740 1183 2801 morbis
1213 2741 1507 2814 laborant,
1535 2740 1613 2802 ali
1642 2762 1883 2802 necesse
1909 2751 2021 2801 est.

578 2822 676 2884 Ad
708 2822 856 2883 tales
885 2845 1027 2883 usus
1055 2844 1192 2884 vere
1221 2824 1374 2906 pios,
1402 2823 1478 2884 ad
1507 2822 1752 2885 alendos
1787 2834 2073 2906 pastores,
2099 2823 2258 2904 pau·

496 2928 686 3001 peres,
725 2917 784 2966 et
828 2904 1233 2980 scholasticos,
1270 2906 1344 2967 ad
1389 2906 1842 2968 constituendas
1885 2904 2143 2977 scholas,
2169 2900 2247 2966 ad

485 2988 757 3070 juvanda
799 2988 1119 3071 hospitalia
1158 3011 1378 3071 inagna
1421 3012 1558 3073 pars
1598 2989 1901 3051 redituum
1935 2987 2000 3050 in
2036 2987 2258 3049 mona-

497 3070 709 3145 steriis,
739 3071 798 3132 in
844 3071 936 3131 liis
975 3071 1317 3153 regionibus
1346 3072 1466 3133 Dei
1499 3072 1796 3134 beneficio
1823 3070 2109 3133 translata
2136 3071 2248 3131 αἱ.

499 3154 827 3236 Reliquum
881 3153 941 3214 in
990 3155 1397 3217 oeconomiam
1448 3155 1510 3216 in
1563 3156 1837 3236 quolibet
1884 3149 2249 3215 monasterio

498 3236 887 3321 impenditur,
931 3248 994 3298 et
1042 3237 1296 3299 stultitia
1346 3250 1438 3299 est
1485 3238 1831 3300 existimare
1878 3233 2246 3311 oeconoini·

499 3342 620 3382 non
671 3342 799 3381 esse
849 3332 1249 3403 sumptuosas.
1335 3321 1604 3382 Abbates
1650 3343 1790 3382 vero
1837 3318 2081 3383 ditiores
2129 3314 2246 3377 boc

500 3415 791 3485 tempore,
820 3402 881 3463 in
926 3402 1131 3484 quales
1176 3426 1319 3465 usus
1362 3403 1730 3486 profundant
1771 3402 2016 3476 reditus,
2039 3416 2243 3460 exem·

499 3486 600 3569 pla
636 3486 964 3548 multorum
1003 3487 1349 3561 ostendunt,
1376 3509 1527 3568 quos
1561 3487 1873 3548 nominare
1895 3484 2242 3567 possemus:

499 3568 601 3646 qui
649 3569 866 3649 pariter
909 3569 1125 3642 literas,
1155 3569 1508 3653 religionem
1553 3581 1614 3630 et
1642 3570 1924 3630 virtutem
1964 3559 2240 3636 oderunt,
