2418 4172
418 338 525 392 154
1042 332 1558 392 CONFESSIO.

416 476 558 539 bati.
630 475 925 560 Magnam
950 475 1325 539 contendunt
1344 474 1609 539 ecclesiae
1630 484 1989 555 potestatem
2014 496 2163 550 esse,

415 558 578 642 quod
605 559 697 622 dis
780 558 1038 621 nsaverit
1064 558 1141 620 de
1169 569 1472 642 praecepto
1499 555 1691 617 Decal
1777 557 1813 617 “.

498 641 618 704 Sed
715 665 749 703 e
797 642 910 704 hac
1000 641 1285 703 uaestione
1341 640 1525 702 nostri
1583 638 1669 700 sic
1694 577 1957 711 ofocem,
1994 637 2161 719 quod

416 724 683 808 episcopi
734 746 854 785 non
904 664 1129 786 hibent
1176 735 1534 806 potestatem
1586 719 1884 782 statuendi
1934 719 2162 801 aliquid

415 819 624 869 contra
650 807 1049 888 evangelium,
1078 818 1147 868 ut
1173 827 1352 888 supra
1381 816 1687 866 ostensum
1725 814 1835 864 est.
1918 800 2167 864 Docent

417 889 577 952 idem
615 911 875 951 canones
904 889 1022 951 IX.
1050 887 1278 949 Distin.
1349 888 1531 948 Porro
1564 898 1771 947 contra
1807 884 2165 968 scripturam

417 983 527 1047 est,
554 971 902 1034 traditiones
939 970 1196 1032 condere
1234 980 1339 1031 aut
1376 970 1631 1051 exigere,
1660 986 1728 1030 ut
1756 990 1863 1051 per
1890 988 2024 1028 eam
2057 967 2168 1028 ob-

418 1054 812 1117 servationem
858 1053 1291 1114 satisfaciamus
1379 1073 1444 1112 ro
1488 1050 1767 1144 peccatis,
1796 1062 1901 1112 aut
1938 1071 2167 1111 merea·-

420 1159 557 1198 mur
626 1136 836 1196 ratiam
865 1147 927 1195 et
944 1134 1267 1213 justitiam.
1335 1073 1609 1196 {aditur
1636 1133 1799 1194 enim
1830 1132 2021 1215 gloria
2040 1153 2169 1193 me-

418 1219 516 1282 riti
621 1218 811 1288 bristi,
860 1237 999 1277 cum
1047 1216 1270 1277 talibus
1314 1215 1828 1276 observationibus
1875 1236 2168 1278 conamur

421 1301 631 1362 mereri
651 1299 1166 1379 justificationem.
1236 1297 1493 1358 Constat
1514 1308 1713 1358 autem
1739 1306 1983 1379 propter
2009 1296 2171 1359 banc

419 1382 890 1465 persuasionem,
918 1380 981 1442 in
1011 1379 1266 1442 ecclesia
1292 1401 1448 1473 pene
1478 1377 1540 1438 in
1571 1377 1876 1440 infinitum
1914 1378 2170 1440 crevisse

419 1465 790 1539 traditiones,
819 1486 1105 1557 oppressa
1132 1464 1374 1524 interim
1404 1460 1677 1523 doctrina
1703 1459 1930 1522 de-fide
1962 1472 2027 1523 et
2037 1482 2171 1542 Jus-

419 1548 553 1610 titia
581 1546 742 1622 fidei,
770 1569 913 1628 quia
942 1545 1197 1608 subinde
1225 1545 1424 1628 plures
1452 1544 1612 1606 ferioe
1641 1542 1812 1605 factae
1840 1542 2172 1624 sunt,jeju-

421 1633 523 1692 nia
559 1630 804 1701 indicta,
834 1629 1190 1691 ceremoniae
1231 1650 1420 1701 novae,
1450 1627 1588 1688 novi
1634 1627 1890 1688 bonores
1932 1639 2172 1688 sancto·

421 1736 557 1775 rum
597 1712 855 1774 instituti
894 1722 1054 1785 sunt,
1081 1711 1224 1791 quia
1254 1710 1692 1771 arbitrabantur
1719 1731 1783 1769 se
1814 1720 2049 1770 autores
2080 1718 2170 1770 ta-

423 1795 575 1857 lium
607 1817 825 1868 rerum,
855 1794 949 1855 his
978 1793 1260 1876 operibus
1291 1792 1501 1853 mereri
1532 1791 1805 1875 gratiam.
1890 1789 1994 1853 Sic
2019 1791 2170 1853 olim

423 1889 740 1939 creverunt
777 1898 1035 1939 canones
1075 1875 1539 1970 poenitentiales,
1567 1893 1824 1967 quorum
1868 1872 2069 1936 adhuc
2108 1873 2172 1935 in

425 1960 927 2023 satisfactionibus
956 1958 1206 2040 vestigia
1234 1956 1515 2038 quaedam
1546 1956 1836 2017 Videmus.

508 2044 690 2119 Item,
719 2054 953 2104 autores
992 2041 1383 2102 traditionum
1420 2039 1650 2100 faciunt
1682 2051 1891 2099 eontra
1923 2036 2176 2100 manda-

425 2138 557 2187 tum
589 2125 729 2199 Dei,
751 2147 890 2186 cum
923 2124 1222 2185 collocant
1242 2133 1557 2205 peccatum
1583 2121 1643 2181 in
1667 2119 1837 2195 cibis,
1858 2119 1918 2181 in
1942 2119 2175 2192 diebus,

426 2221 489 2280 et
517 2208 812 2270 similibus
842 2208 1040 2280 rebus,
1067 2217 1129 2267 et
1156 2216 1407 2267 onerant
1434 2204 1748 2266 ecclesiam
1781 2202 2066 2265 servitute
2091 2202 2176 2264 le-

426 2291 537 2373 gis,
566 2290 735 2372 quasi
778 2300 1052 2373 oporteat
1092 2286 1253 2371 apud
1295 2287 1671 2348 Christianos
1714 2285 1789 2347 ad
1832 2307 2180 2368 promeren-

428 2374 567 2436 dam
601 2373 1103 2453 justificationem
1145 2371 1377 2432 cultum
1416 2392 1544 2430 esse
1585 2369 1843 2429 similem
1881 2368 2177 2443 Levitico,

430 2456 601 2535 cujus
646 2455 1083 2516 ordinationem
1131 2452 1498 2514 commiserit
1544 2450 1717 2513 Deus
1776 2472 1809 2510 a
1922 2450 2061 2512 tolia
2113 2463 2178 2514 et

430 2538 768 2621 episcopis;
812 2537 897 2598 sic
925 2537 1085 2597 enim
1118 2536 1389 2596 scribunt
1424 2533 1730 2615 quidam.·
1835 2546 1860 2593 t
1899 2531 2178 2595 videntur

430 2619 746 2703 pontifices
790 2618 990 2700 aliqua
1032 2640 1106 2679 ex
1153 2628 1320 2700 parte
1366 2616 1648 2698 exemplo
1696 2615 1845 2697 legis
1889 2614 2176 2682 Mosaicae

431 2702 667 2786 decepti
706 2724 850 2763 esse.
937 2701 1107 2762 Hinc
1135 2711 1275 2761 sunt
1305 2699 1405 2760 illa
1432 2721 1631 2772 onera,
1660 2697 1822 2791 quod
1857 2709 2178 2780 peccatum

434 2785 686 2846 mortale
727 2784 824 2858 sit,
852 2783 1035 2846 etiam
1080 2783 1206 2844 sine
1249 2781 1574 2843 offensione
1615 2781 1893 2855 aliorum,
1922 2781 1984 2841 in
2015 2780 2177 2842 feriis

434 2869 700 2929 laborare
736 2867 1032 2940 manibus,
1060 2865 1223 2946 quod
1251 2865 1327 2926 sit
1356 2879 1670 2947 peccatum
1712 2863 1963 2924 mortale
1997 2862 2179 2925 omit·

434 2963 558 3012 tere
601 2950 777 3011 horas
819 2949 1155 3021 canonicas,
1184 2947 1346 3029 quod
1384 2947 1528 3008 certi
1566 2946 1684 3008 cibi
1726 2945 1998 3029 polluant
2033 2966 2180 3008 oon·

436 3033 771 3107 scientiam,
798 3031 960 3114 quod
991 3030 1226 3112 jejunia
1265 3030 1383 3090 sint
1421 3051 1597 3112 opera
1630 3028 1926 3111 placantia
1951 3027 2182 3104 Deum,

437 3114 602 3197 quod
630 3127 944 3198 peccatum
978 3114 1036 3175 in
1068 3135 1209 3175 casu
1237 3125 1533 3174 reservato
1562 3133 1682 3173 non
1707 3111 1896 3195 possit
1914 3110 2177 3184 remitti·3

438 3198 550 3259 nisi
603 3197 916 3260 accesserit
971 3195 1255 3259 autoritas
1313 3194 1683 3269 reservantis,
1731 3215 1873 3256 cum
1930 3192 2177 3276 quidem

441 3281 551 3363 ipsi
596 3302 852 3342 canones
895 3302 1016 3341 non
1058 3277 1135 3339 de
1179 3278 1571 3339 reservatione
1613 3277 1826 3360 culpae,
1853 3275 1958 3340 sed
1986 3274 2063 3338 de
2087 3294 2180 3336 re-

441 3364 768 3425 servatione
798 3383 1000 3446 poenae
1029 3361 1445 3424 ecclesiasticae
1475 3360 1817 3442 loquantur.

526 3444 706 3506 Unde
750 3446 975 3507 habent
1004 3441 1109 3525 jus
1150 3443 1418 3527 episcopi
1458 3443 1566 3505 bas
1602 3440 1949 3504 traditiones
1984 3436 2180 3521 impo-

443 3526 620 3587 nendi
665 3528 951 3603 ecclesiis,
979 3526 1054 3589 ad
1094 3524 1497 3621 illaqueandas
1535 3518 1968 3587 conscientias?
2016 3518 2177 3582 Cum

444 3606 652 3670 Petrus
681 3620 841 3671 vetet
868 3610 1179 3693 imponere
1195 3629 1417 3691 Jugum
1446 3602 1777 3689 discipulis,
1794 3622 1934 3665 cum
1958 3601 2180 3664 Paulus
