2418 4172
496 381 603 436 262
1126 383 1608 440 CONFESSIO

497 524 584 587 les
606 524 865 586 tenebrae
896 523 956 584 in
989 534 1187 585 mente
1217 538 1358 587 sunt
1385 548 1607 620 magna
1635 533 1900 610 peccata,
1925 548 2061 608 quoe
2090 525 2244 589 ratio

500 607 628 668 sine
665 607 798 668 luce
826 606 1028 667 divina
1059 630 1175 668 non
1206 608 1349 669 satis
1375 609 1647 688 judicare
1684 618 1900 693 potest.
1985 609 2245 692 Oportet

500 690 517 750 i
566 690 683 750 ’tur
726 690 784 750 in
830 690 1049 750 renatis
1092 690 1271 751 etiam
1320 692 1658 753 interiorem
1706 690 2108 752 obedientiam
2154 692 2245 752 in·

499 712 722 845 cffioari,
751 794 948 832 veram
980 771 1099 833 Dei
1131 774 1520 854 agnitionem,
1543 776 1822 835 timorem
1847 773 1988 846 Dei,
2009 772 2245 835 dolores

498 854 558 915 in
613 854 987 937 poenitentia‚
1036 855 1316 917 fiduciam
1379 856 1796 918 misericordiae
1853 867 2096 938 propter
2148 854 2249 916 Fi-

498 937 647 997 lium
692 937 810 997 Dei
862 938 1191 1019 promissae,
1234 938 1695 1014 invocationem,
1738 961 1929 1023 spem,
1972 937 2248 999 dilectio·

501 1041 661 1094 nem,
687 1019 955 1079 laetitiam
1003 1020 1063 1079 in
1106 1019 1262 1094 Deo,
1290 1035 1351 1082 et
1394 1022 1536 1082 alias
1580 1023 1865 1083 virtutes:
1908 1033 1970 1082 et
2008 1032 2246 1103 oportet

500 1124 599 1162 eas
641 1101 855 1161 referre
898 1100 973 1160 ad
1016 1101 1288 1162 debitum
1336 1106 1541 1177 finem,
1570 1105 1796 1165 scilicet
1834 1117 1902 1164 ut
1930 1103 2069 1164 Deo
2098 1125 2248 1186 prae-

499 1195 690 1244 stetur
716 1182 1075 1243 obedientia.
1162 1184 1250 1244 Hi
1280 1185 1401 1245 veri
1432 1186 1630 1246 cultus
1659 1208 1779 1246 non
1809 1197 2063 1268 possunt
2132 1208 2246 1247 rae-

502 1266 642 1325 stari
686 1266 813 1324 sine
857 1264 990 1324 luce
1028 1264 1363 1348 Evangelii,
1392 1278 1453 1327 et
1495 1268 1623 1327 sine
1665 1268 1819 1328 fide:
1863 1289 2015 1348 quos
2044 1289 2079 1328 a
2120 1289 2250 1328 ver-

501 1347 656 1419 sarii,
699 1347 802 1427 qui
854 1346 1064 1407 volunt
1111 1347 1300 1408 videri
1346 1349 1552 1409 eximii
1601 1371 1903 1432 praecones
1949 1350 2246 1412 bonorum

500 1451 774 1512 operum,
818 1451 928 1489 nec
978 1430 1342 1512 intelligunt,
1384 1454 1497 1493 nec
1549 1433 1623 1492 fla
1671 1433 1839 1505 'tant,
1882 1452 2019 1492 cum
2066 1431 2250 1492 omit-

500 1524 639 1573 tunt
666 1512 998 1572 doctrinam
1031 1511 1106 1573 de
1136 1513 1273 1587 fide,
1300 1536 1433 1595 quae
1457 1526 1548 1576 est
1568 1517 1610 1575 fi
1654 1514 1790 1575 ucia
1812 1513 2251 1589 misericordie,

445 1631 449 1636 -
500 1595 886 1675 acquiescens
917 1595 975 1655 in
1010 1595 1164 1655 Filio
1192 1596 1333 1672 Dei,
1354 1598 1456 1677 qui
1489 1610 1579 1658 est
1609 1597 1979 1680 praecipuum
2002 1618 2156 1680 opus
2185 1608 2250 1658 et

500 1699 773 1738 summus
804 1677 1002 1737 cultus
1032 1678 1169 1739 Dei.

583 1759 681 1819 De
711 1760 991 1841 operibus
1023 1783 1141 1820 non
1181 1761 1476 1822 mandatis
1517 1785 1551 1822 a
1582 1762 1738 1835 De0,
1767 1762 1918 1822 infra
1955 1760 2247 1822 dicemus.

502 1840 589 1902 Et
616 1842 819 1923 regula
849 1842 1110 1903 tenenda
1138 1856 1265 1904 est:
1313 1844 1577 1905 Frustra
1606 1844 1810 1905 colunt
1829 1866 1923 1904 me
1943 1843 2250 1905 mandatis

502 1924 823 1985 homin-um.
908 1925 1082 2007 Saepe
1126 1939 1325 1987 autem
1375 1929 1434 1987 in
1478 1927 1728 1987 ecclesia
1761 1926 1998 2000 accidit,
2024 1939 2094 1987 ut
2121 1949 2251 1988 ma-

488 2005 607 2085 jori
659 2029 801 2067 cura
847 2019 1154 2067 serventur
1204 2009 1452 2068 humani
1500 2009 1667 2083 ritus,
1708 2030 1889 2089 quam
1949 2021 2250 2101 praecepta

499 2089 617 2149 Dei
644 2113 659 2149 t
705 2088 830 2149 imo
862 2100 930 2149 ut
959 2090 1289 2150 authoritas
1313 2089 1783 2151 Pharisaicar'um
1809 2101 1869 2150 et
1893 2090 2248 2170 injustarum

500 2170 889 2232 traditionum
932 2172 1294 2233 anteferatur
1332 2173 1629 2234 mandatis
1666 2172 1904 2247 divinis,
1932 2185 2002 2234 ut
2044 2173 2253 2235 multis

501 2253 733 2328 seculis,
763 2265 1006 2336 propter
1044 2256 1328 2335 injustam
1371 2267 1432 2317 et
1470 2256 1722 2339 impiam
1755 2255 1948 2338 legem
1981 2254 2056 2316 de
2083 2257 2253 2318 coeli-

500 2337 665 2410 batu,
702 2348 1070 2419 praeceptum
1111 2338 1231 2399 Dei
1275 2338 1351 2399 de
1394 2361 1532 2399 vera
1573 2339 1846 2400 castitate
1890 2338 2252 2401 horribiliter

502 2419 790 2480 violatum
834 2431 943 2480 est.
1026 2420 1543 2481 Considerandum
1584 2433 1677 2482 est
1714 2422 1899 2504 igitur
1923 2421 2247 2482 discrimen

502 2501 668 2582 legis,
697 2501 772 2561 de
801 2522 924 2580 quo
952 2523 1151 2564 rursus
1181 2503 1334 2564 infra
1362 2503 1650 2565 dicemus.

1063 2680 1681 2720 ——-‘-..-—

674 2814 853 2876 vm.
891 2814 1202 2880 Quomodo
1221 2817 1459 2897 possint
1462 2814 1632 2899 fieri
1662 2817 1814 2879 bona
1850 2817 2075 2901 Opera.

500 2894 852 2979 MAG-NA
910 2931 1003 2979 est
1059 2917 1375 2979 infirmitas
1428 2919 1787 2982 hominum:
1845 2933 1907 2983 et
1949 2921 2248 2983 Diabolu-

499 3009 590 3059 est
628 3001 950 3062 acerrimus
994 3000 1202 3075 hostis,
1231 3003 1334 3082 qui
1375 3001 1516 3063 odio
1547 3002 1666 3065 Dei
1705 3016 2006 3086 grassatur
2036 3004 2099 3065 in
2137 3004 2249 3065 bu-

500 3103 747 3143 manum
780 3105 989 3165 genus,
1019 3106 1088 3144 ac
1117 3085 1449 3165 praesertim
1483 3084 1815 3151 Ecclesiam
1848 3087 1967 3150 Dei
1998 3098 2251 3149 conatur

499 3163 807 3261 dissipare,
835 3178 1128 3247 quantum
1177 3179 1392 3248 potest,
1422 3179 1488 3228 ut
1522 3168 1633 3230 seri
1683 3181 1812 3231 tum
1845 3182 1938 3231 est
1965 3192 1999 3231 a
2030 3169 2245 3238 Petro-3

505 3246 802 3330 Vigilate,
821 3249 969 3331 quia
997 3248 1384 3311 adversarius
1410 3259 1606 3313 vester·
1699 3251 1931 3315 iabolus
1955 3260 2246 3336 tanquan

501 3329 592 3390 leo
620 3331 872 3413 rugiens
901 3332 1200 3404 circumit,
1228 3355 1501 3416 qum-ens
1538 3355 1714 3417 quem
1753 3336 2012 3398 devoret.
2094 3329 2244 3393 Ideo

500 3434 846 3506 quanquam
888 3427 1197 3477 externam
1238 3414 1618 3499 disciplinam
1660 3417 1935 3483 homines
1963 3411 2245 3478 naturali·

504 3494 614 3561 bus
650 3496 872 3557 viribus
909 3508 1218 3578 utcunque
1247 3510 1525 3581 praestare
1553 3512 1823 3583 possunt,
1849 3508 2050 3560 nmen
2079 3515 2242 3588 sepe

502 3575 823 3638 vincuntur
880 3579 992 3640 hac
1047 3581 1358 3642 communi
1418 3581 1782 3643 infirmitate.
1865 3579 2042 3661 Soepe
2089 3575 2243 3638 Dia-

504 3654 673 3715 bolus
702 3658 882 3719 etiam
917 3681 1035 3720 non
1067 3660 1220 3723 feros
1250 3662 1527 3724 homines
1557 3661 1810 3743 impellit
1842 3659 1901 3721 in
1931 3670 2083 3722 tetra
2114 3679 2241 3721 soe-
