2418 4172
530 385 637 436 438
970 384 1033 436 V.
1073 383 1505 437 DOCTRINAE
1546 384 1836 447 CAPUT,

533 525 692 600 duci,
721 526 912 606 iisque
942 525 1210 606 obsequi.
1284 527 1666 607 Quapropter
1696 525 1839 606 ipsis
1870 536 2160 607 perpetuo
2188 537 2280 587 est

533 608 903 690 vigilandum
949 621 1009 667 et
1052 607 1367 680 orandum,
1399 630 1473 666 ne
1503 608 1563 666 in
1595 607 1952 667 tentationes
1991 607 2279 670 inducan-

536 701 650 751 tur.
738 690 915 760 Quod
962 712 1099 750 cum
1148 713 1264 750 non
1311 690 1557 763 faciunt,
1601 711 1721 748 non
1767 690 1961 749 solum
2009 711 2043 749 a
2085 711 2281 764 carne,

538 773 787 847 mund0,
816 785 875 833 et
905 776 1142 845 Satana,
1173 773 1230 832 in
1278 786 1520 854 peccata
1562 772 1741 830 etiam
1788 771 1988 852 gravia
2026 783 2089 832 et
2128 783 2283 833 atro-

538 857 630 916 cia
669 856 856 949 abripi
890 867 1160 937 possunt,
1192 877 1398 914 verum
1430 854 1611 914 etiam
1646 853 1943 914 interdum
1965 853 2131 933 justa
2158 853 2278 915 Dei

539 938 929 1020 permissione
959 937 1349 1019 abripiuntur.
1422 937 1599 1005 Quod
1641 936 1836 996 tristes
1868 935 2139 1010 Davidis,
2172 937 2284 997 Pe-

539 1021 633 1094 tri,
662 1021 1036 1100 aliorumque
1079 1031 1421 1079 sanctorum
1461 1020 1660 1101 lapsus
1690 1019 1749 1078 in
1780 1041 1943 1080 saera
1973 1019 2283 1103 Scriptura

537 1102 816 1184 descripti
848 1102 1279 1162 demonstrant.
1382 1182 1437 1241 V

621 1266 868 1326 Talibus
912 1276 1112 1325 autem
1159 1263 1505 1324 enormibus
1553 1265 1811 1346 peccatis
1853 1263 2058 1325 Deum
2107 1265 2281 1327 valde

538 1347 867 1420 offendunt,
895 1358 1127 1407 reatum
1159 1346 1369 1406 mortis
1391 1346 1723 1420 incurrunt,
1741 1347 2032 1429 Spiritum
2055 1346 2118 1407 S.
2138 1368 2283 1409 con-

539 1432 794 1504 tristant,
816 1429 956 1490 fidei
978 1429 1332 1490 exercitium
1357 1428 1822 1512 interrumpunt,
1850 1429 2278 1491 conscientiam

537 1513 884 1596 gravissime
926 1512 1259 1584 vulnerant,
1303 1532 1541 1571 sensum
1592 1512 1797 1592 gratiae
1843 1533 2278 1593 nonnunquam

535 1596 625 1662 ad
655 1608 896 1678 tempus
940 1594 1262 1655 amittunt:
1306 1593 1499 1654 donec
1540 1616 1648 1676 per
1684 1594 1894 1655 seriam
1925 1594 2281 1678 resipiscen-

536 1679 680 1739 tiam
729 1678 789 1738 in
841 1678 1025 1738 vitam
1083 1677 1521 1753 revertentibus
1572 1689 1855 1759 paternus
1900 1676 2022 1739 Dei
2075 1677 2279 1739 vultus

534 1783 764 1822 rursum
799 1761 1096 1842 affulgeat.

614 1926 788 1986 Deus
817 1925 1001 1999 enim,
1031 1924 1134 2004 qui
1165 1924 1329 1985 dives
1360 1937 1450 1984 est
1489 1925 1912 1999 misericordia,
1938 1947 2015 1987 ex
2050 1927 2279 1988 immu-

533 2009 704 2068 tabili
744 2006 1047 2067 electionis
1077 2006 1403 2099 proposit0,
1431 2006 1721 2088 Spiritum
1755 2006 2068 2082 Sanctum,
2094 2008 2276 2070 etiam

532 2091 594 2150 in
640 2090 906 2149 tristibus
950 2089 1235 2170 lapsibus,
1266 2111 1300 2148 a
1343 2089 1464 2148 suis
1504 2111 1624 2150 non
1661 2110 1900 2171 prorsus
1930 2088 2139 2164 aufert,
2167 2112 2279 2152 nec

532 2194 796 2252 eousque
825 2193 926 2231 eos
954 2170 1185 2253 prolabi
1218 2170 1377 2243 sinit,
1408 2183 1474 2232 ut
1502 2171 1692 2253 gratia
1721 2171 2078 2254 adoptionis,
2093 2173 2279 2253 justi-

533 2255 830 2315 ficationis
873 2265 1031 2314 statu
1076 2253 1374 2328 excidant,
1404 2265 1508 2314 aut
1547 2266 1862 2336 peccatum
1896 2254 1970 2316 ad
1999 2266 2278 2329 mortem,

533 2338 655 2398 sive
686 2338 745 2397 in
778 2336 1072 2419 Spiritum
1105 2337 1395 2398 Sanctum
1427 2338 1831 2411 committant,
1858 2348 1918 2398 et
1949 2339 2027 2399 ab
2062 2360 2137 2399 eo
2172 2359 2277 2422 pe-

532 2420 692 2480 nitus
722 2419 937 2481 deserti
968 2419 1029 2479 in
1061 2420 1310 2481 exitium
1341 2432 1631 2481 aeternum
1664 2442 1791 2480 sese
1819 2420 2213 2504 praecipitent.

574 2591 580 2599 '
614 2586 817 2645 Primo
846 2586 1007 2646 enim
1042 2586 1103 2645 in
1135 2585 1262 2644 istis
1292 2584 1557 2665 lapsibus
1586 2597 1894 2646 conservat
1933 2585 1991 2645 in
2032 2585 2148 2646 illis
2186 2608 2278 2648 se-

533 2689 670 2728 men
702 2667 848 2727 illud
880 2690 1054 2728 suum
1087 2667 1445 2740 immortale,
1474 2688 1549 2727 ex
1579 2688 1701 2749 quo
1731 2667 1980 2749 regeniti
2011 2679 2172 2742 sunt,
2198 2690 2275 2730 ne

530 2749 675 2810 illud
706 2761 909 2832 pereat
938 2762 1041 2810 aut
1068 2749 1420 2810 excutiatur.
1507 2748 1746 2810 Deinde
1781 2772 1888 2832 per
1920 2750 2172 2812 verbum
2212 2763 2276 2813 et

531 2833 820 2916 Spiritum
868 2854 1066 2905 suum,
1101 2854 1201 2892 eos
1244 2843 1406 2893 certo
1449 2844 1509 2892 et
1551 2832 1871 2893 efficaciter
1911 2844 2157 2895 renovat
2197 2833 2274 2895 ad

528 2915 968 2998 poenitentiam,
999 2928 1067 2976 ut
1109 2914 1185 2975 de
1227 2913 1500 2975 admissis
1545 2915 1804 2997 peccatis
1838 2936 1913 2976 ex
1950 2916 2154 2977 animo
2181 2938 2274 2977 se-

529 2998 792 3058 cundum
815 2998 1017 3059 Deum
1040 2997 1718 3069 doleant‚remissionem
1746 2998 1805 3058 in
1830 2998 2119 3081 sanguine
2136 2998 2274 3060 Me-

526 3081 788 3155 diatoris,
819 3103 923 3162 per
952 3080 1155 3154 fldem,
1183 3080 1439 3141 contrito
1469 3080 1664 3153 corde,
1692 3093 1996 3163 expetant,
2021 3092 2085 3143 et
2116 3082 2275 3143 obti-

530 3175 730 3235 neant,
753 3163 1004 3245 gratiam
1027 3163 1145 3224 Dei
1171 3162 1532 3225 reconciliati
1557 3163 1772 3224 iterum
1800 3163 2077 3238 sentiant,
2097 3163 2272 3225 mise-

527 3246 782 3306 rationes
812 3268 918 3328 per
946 3245 1126 3306 fidem
1157 3245 1286 3326 ejus
1316 3245 1580 3320 adorent,
1608 3268 1677 3307 ac
1704 3245 1987 3329 deinceps
2014 3246 2267 3309 salutem

528 3350 695 3389 suam
728 3350 866 3390 cum
899 3329 1112 3390 timore
1140 3339 1203 3389 et
1230 3340 1486 3389 tremore
1514 3328 1835 3391 studiosius
1864 3342 2201 3413 operentur.

616 3494 706 3554 lta
736 3516 855 3554 non
888 3495 1008 3555 suis
1038 3495 1282 3569 meritis,
1312 3506 1414 3555 aut
1447 3494 1711 3563 viribus;
1755 3493 1856 3555 sed
1896 3515 1972 3556 ex
2009 3492 2263 3578 gratuita

529 3575 644 3635 Dci
681 3577 1078 3638 misericordia
1108 3577 1164 3637 id
1197 3577 1586 3650 obtinent„ut
1613 3599 1724 3638 nec
1753 3576 2014 3637 totaliter
2036 3573 2167 3635 fide
2202 3589 2265 3638 et

530 3658 715 3737 gratia
762 3659 1060 3730 excidant,
1104 3683 1214 3720 nee
1264 3660 1520 3721 finaliter
1565 3659 1626 3719 in
1676 3659 1938 3740 lapsibus
1984 3670 2264 3720 maneant
