2418 4172
762 390 1231 447 SAXONICA.
1741 395 1848 452 299

122 542 184 593 et
205 529 431 592 ordine.
516 530 656 595 Fuit
692 532 871 615 igitur
907 554 1161 616 semper,
1190 530 1328 594 inde
1358 552 1548 614 usque
1575 533 1652 592 ab
1682 533 1853 596 initio

119 612 351 695 generis
394 613 664 689 humani,
704 614 850 676 ordo
896 615 1109 697 aliquis
1151 614 1528 698 publicorum
1577 621 1854 696 congres-

121 716 295 757 suum
321 719 337 757 z
381 696 497 759 fuit
525 697 722 778 aliqua
749 708 1090 779 temporum
1114 708 1175 757 et
1198 696 1447 759 aliorum
1478 696 1853 777 quorundam

119 776 344 839 rituum
402 777 726 849 distinctio,
770 778 930 838 haud
977 778 1159 839 dubie
1258 778 1392 839 lena
1448 777 1749 860 gravitatis
1795 790 1856 840 et

118 859 455 943 elegantiae,
482 882 517 921 a
561 859 640 920 ud
678 859 782 919 illa
818 859 1173 920 excellentia
1233 859 1441 920 umina
1477 859 1709 954 generis
1744 859 1857 922 hu-

121 941 307 1016 mani,
333 962 494 1022 quan
540 963 578 1001 o
614 940 675 1001 in
714 940 927 1002 eodem
967 940 1141 1002 horto
1175 951 1279 1002 aut
1305 951 1543 1024 tugurio
1571 942 1856 1004 consede-

117 1033 260 1085 runt
306 1022 469 1098 Sem,
508 1022 839 1097 Abraham,
884 1023 1072 1099 Isaac,
1109 1034 1170 1085 et
1213 1023 1426 1085 horum
1471 1024 1751 1086 familiae:
1794 1037 1856 1087 et

118 1104 323 1168 audita
354 1106 643 1167 concione
671 1105 835 1179 Sem,
862 1104 937 1167 de
974 1128 1113 1167 vero
1141 1106 1297 1181 De0,
1323 1106 1399 1167 de
1427 1106 1585 1167 Filio
1612 1107 1752 1183 Dei,
1780 1108 1855 1169 de

117 1186 501 1251 distinctione
543 1188 849 1262 Ecclesiae,
891 1199 952 1249 et
1008 1189 1255 1250 aliarum
1314 1189 1605 1271 gentium,
1647 1200 1857 1273 postea

118 1270 300 1333 simul
361 1270 631 1332 fecerunt
694 1271 1150 1332 invocationem.
1244 1271 1607 1352 Quanquam
1674 1272 1857 1355 igitur

118 1374 248 1415 esse
303 1352 451 1415 ritus
499 1352 729 1433 aliquos
776 1354 1056 1415 honestos
1104 1352 1327 1415 ordinis
1376 1376 1553 1415 causa
1601 1366 1857 1447 oportet,

120 1446 324 1497 tamen
368 1434 642 1497 homines
687 1436 859 1518 proni
905 1435 979 1496 ad
1022 1435 1503 1519 superstitionem
1546 1436 1719 1498 facile
1752 1437 1858 1499 de-

119 1527 372 1601 pravant
398 1518 509 1579 hos
537 1517 702 1591 ritus,
730 1540 800 1580 ac
829 1519 1067 1600 fingunt
1092 1518 1240 1580 tales
1266 1520 1707 1580 observationes
1727 1542 1856 1581 esse

123 1599 334 1661 merita
374 1600 736 1660 remissionis
778 1611 1181 1683 peccatorum,
1218 1611 1281 1661 et
1310 1601 1611 1680 justitiam
1654 1623 1855 1663 coram

119 1680 292 1745 Deot
332 1691 572 1743 vertunt
612 1682 783 1763 signa
825 1682 884 1742 in
929 1682 1196 1752 numina,
1226 1683 1382 1743 sicut
1423 1682 1601 1743 multi
1643 1683 1854 1743 statuis

118 1762 391 1824 tribuunt
428 1784 675 1836 numen,
712 1772 774 1823 et
816 1762 992 1823 multi
1033 1763 1128 1824 vel
1170 1762 1591 1844 superstitione
1629 1764 1724 1824 vel
1761 1775 1858 1846 ty-

15 1889 21 1893 ·
118 1843 366 1906 rannide
405 1843 719 1905 cumulant
759 1844 946 1906 ritus:
1003 1854 1071 1905 ut
1109 1844 1452 1927 superstitio
1491 1845 1555 1905 in
1582 1844 1857 1907 Ecclesia

118 1926 288 1989 auxit
342 1926 490 1988 ritus
547 1926 1040 2000 satisfactionum,
1096 1938 1164 1988 ut
1228 1927 1561 1988 nominant.
1643 1928 1858 1990 Nabu-

118 2008 518 2079 chodonozor,
545 2009 901 2083 Antiochus,
929 2009 1070 2089 quia
1086 2008 1363 2089 judicant
1395 2032 1751 2072 consensum
1790 2011 1856 2072 in

118 2091 403 2175 religione
431 2090 709 2174 prodesse
738 2091 811 2151 ad
846 2091 1013 2173 regni
1053 2091 1434 2153 concordiam
1472 2104 1534 2154 et
1569 2094 1858 2174 tranquil-

120 2174 370 2248 litatem,
397 2173 592 2235 cultus
622 2174 962 2247 instituunt,
985 2195 1135 2255 quos
1162 2174 1382 2267 pariter
1410 2197 1445 2235 a
1472 2174 1725 2236 subditis
1746 2178 1859 2237 ob-

121 2257 337 2318 servari
365 2256 592 2318 volunt.
663 2256 760 2317 Ibi
791 2278 909 2316 non
941 2257 1377 2338 superstitione,
1405 2256 1507 2317 sed
1540 2258 1857 2339 tyrannide

122 2361 289 2400 novae
331 2339 492 2422 leges
534 2350 596 2399 et
637 2360 790 2401 nova
832 2338 1077 2399 nomina
1117 2340 1420 2422 proposita
1459 2350 1615 2400 sunt.
1699 2339 1857 2402 Haec

122 2422 206 2483 ita
245 2421 372 2482 fieri
417 2421 479 2481 in
521 2443 738 2503 genere
781 2420 1068 2495 humanO,
1096 2422 1320 2482 turbari
1351 2432 1412 2482 et
1439 2421 1660 2483 mutari
1688 2444 1855 2484 veras

120 2516 183 2565 et
220 2504 397 2565 falsas
435 2503 747 2585 religiones
786 2503 1062 2578 vidimus,
1090 2515 1151 2564 et
1178 2526 1384 2565 causas
1414 2504 1722 2580 miramur,
1751 2526 1857 2566 cur

120 2608 238 2647 non
289 2597 628 2648 constanter
670 2597 1043 2669 perseverent
1093 2586 1368 2647 homines
1418 2586 1482 2646 in
1531 2586 1779 2648 veritate
1821 2610 1857 2648 a

120 2668 259 2731 Deo
287 2680 629 2731 monstrata.
701 2668 819 2729 Sed
849 2691 968 2730 vox
997 2668 1199 2730 divina
1226 2669 1521 2743 adfirmat,
1544 2691 1579 2729 a
1604 2668 1859 2731 diabolis

122 2749 352 2833 impelli
390 2751 684 2825 homines,
713 2763 780 2812 ut
817 2775 851 2812 a
882 2752 1015 2812 Deo
1052 2750 1368 2813 deficiant:
1411 2763 1472 2812 et
1508 2762 1720 2813 natura
1749 2752 1858 2812 ho-

126 2833 361 2893 minum
409 2854 587 2907 caeca,
629 2834 877 2909 curiosa,
922 2834 1087 2908 levis,
1130 2846 1292 2895 amat
1341 2833 1511 2894 ludos
1560 2834 1854 2909 variarum

124 2914 498 2996 opinionum.
582 2915 881 2976 Adversus
921 2916 1049 2978 haec
1087 2939 1307 2999 magna
1346 2917 1500 2977 mala
1581 2916 1860 2977 raemunit

124 3010 187 3059 et
226 2998 543 3059 confirmat
586 2996 917 3058 Ecclesiam
961 2999 1170 3060 Deus:
1220 2998 1385 3060 dedit
1426 2998 1480 3057 ei
1565 2998 1853 3059 octrinam

125 3101 464 3163 expressam
494 3095 556 3140 et
583 3091 841 3154 certam}
853 3102 985 3161 quae
1014 3081 1259 3162 quidem
1296 3080 1730 3163 comprehensa
1766 3090 1859 3141 est

128 3163 187 3222 in
231 3162 395 3223 libris
435 3162 863 3246 prophetarum
901 3175 962 3224 et
1001 3165 1425 3245 apostolorum,
1453 3173 1511 3222 et
1548 3162 1856 3244 symbolis.

126 3247 326 3315 Quare
362 3267 601 3306 necesse
637 3256 729 3305 est
766 3244 1136 3306 considerare
1176 3247 1380 3326 quales
1415 3245 1534 3305 sint
1563 3246 1723 3326 leges
1752 3266 1858 3306 seu

124 3329 292 3400 ritus,
319 3342 383 3388 et
410 3326 567 3388 unde
596 3328 731 3387 sint.

206 3410 322 3471 Est
349 3409 531 3491 igitur
559 3409 753 3491 prima
789 3410 1023 3491 regula:
1066 3410 1238 3471 Nulli
1272 3423 1573 3483 creaturae,
1600 3431 1723 3470 non
1752 3431 1858 3472 an-

165 3494 294 3564 elis,
337 3515 459 3552 non
516 3491 878 3566 hominibus,
924 3512 1044 3552 non
1094 3492 1352 3574 regibus,
1394 3514 1516 3553 non
1562 3491 1764 3574 episco
1808 3492 1859 3554 is

125 3516 268 3638 ficet
308 3574 562 3637 condere
604 3575 764 3655 leges
807 3585 909 3635 aut
952 3573 1099 3634 ritus
1141 3585 1479 3668 pugnantes
1508 3595 1647 3635 cum
1679 3515 1859 3636 verli»

126 3655 264 3720 Dei.
359 3657 451 3719 Ut
514 3656 870 3718 horribiliter
933 3668 1203 3738 peccavit
1266 3677 1372 3718 rex
1429 3656 1858 3739 Babylonicus,

21 3957 55 3976 κ’.

17 4074 42 4114 ’τε
