2418 4172
487 355 594 413 298
1112 354 1596 411 CONFESSIO

486 495 599 557 bos
627 493 775 556 ritus
805 494 983 579 longe
1016 495 1186 556 aliter
1216 496 1499 571 exercuit,
1526 517 1709 578 quam
1748 517 1911 560 nunc
1946 519 2227 561 exercen-
2290 488 2297 496 ’

486 589 603 640 tur.
685 575 761 638 In
803 577 921 639 ritu
962 579 1450 652 confirmationis,
1488 580 1672 641 fiebat
1711 580 2042 663 exploratio
2080 580 2226 643 doc-

486 659 680 735 trinoe,
708 662 769 720 in
812 682 932 741 qua
974 660 1192 742 singuli
1231 662 1563 723 recitabant
1591 683 1890 733 summam
1921 662 2225 739 doctrine,

485 754 548 804 et
588 743 787 827 palam
831 744 1267 827 profitebantur
1305 766 1368 804 se
1405 744 1744 827 improbare
1771 744 1997 806 furores
2023 744 2226 806 ethni-

485 847 588 886 cos
615 836 678 887 et
706 825 1033 901 hau-etiem,
1055 836 1117 887 et
1143 826 1295 887 velle
1324 848 1387 887 se
1416 849 1544 887 esse
1573 838 1636 888 et
1663 834 1905 888 manere
1932 848 2085 889 verae
2103 825 2228 888 Eo-

486 907 679 969 clesioe
713 909 1002 983 membra,
1028 919 1091 968 et
1116 930 1238 969 non
1268 908 1626 971 discessuros
1665 932 1701 970 a
1735 931 1874 970 vera
1911 909 2225 984 sententia,

486 1012 669 1071 quam
713 1002 860 1052 tunc
900 990 1352 1073 profitebantur.
1436 990 1563 1053 Hic
1609 1014 1738 1053 mos
1779 1002 1906 1053 erat
1941 992 2106 1053 utilis
2148 990 2225 1054 ad

486 1071 838 1134 erudiendos
873 1071 1167 1147 homines,
1193 1083 1257 1133 et
1293 1072 1632 1134 retinendos
1662 1075 1724 1134 in
1749 1095 1886 1135 vera
1918 1061 2227 1169 agnitione

486 1153 626 1215 Dei.
708 1154 802 1214 Ac
851 1153 914 1213 in
961 1153 1226 1214 ecclesiis
1266 1155 1482 1215 nostris
1525 1155 1744 1216 similia
1785 1158 1942 1217 fiunt
1973 1178 2038 1218 in
2066 1167 2228 1219 cate-

486 1235 650 1297 chesi
690 1234 1023 1315 juniorum,
1064 1245 1128 1295 et
1173 1234 1238 1296 in
1286 1235 1518 1317 privata
1565 1237 1956 1311 confessione,
1995 1238 2060 1300 in
2102 1260 2226 1321 qua

484 1327 750 1400 pastores
805 1316 1138 1378 doctrinam
1206 1317 1416 1400 populi
1478 1318 1810 1401 explorant.
1893 1319 2013 1381 Sed
2075 1321 2227 1383 ritus

486 1399 976 1474 confirmationis,
1019 1420 1200 1480 quem
1250 1421 1414 1461 nunc
1462 1400 1727 1484 episcopi
1769 1401 2047 1478 retinent,
2078 1401 2226 1484 quid

486 1493 577 1543 est
618 1482 731 1543 nisi
775 1482 968 1543 inanis
1010 1482 1267 1543 umbra?
1311 1483 1598 1545 Praeterea
1640 1484 1863 1560 unctio,
1889 1506 2025 1566 quae
2059 1507 2228 1564 nunc

486 1575 754 1626 extrema
810 1565 1176 1639 nominatur,
1230 1564 1347 1625 fuit
1402 1564 1548 1627 olim
1606 1566 1966 1638 medicatio;
2021 1578 2093 1630 ut
2146 1589 2226 1630 ex

484 1648 526 1708 J
531 1647 699 1708 acobi
751 1647 810 1708 E
854 1648 1027 1708 istola
1069 1648 1451 1731 perspicuum
1502 1661 1612 1710 est.
1692 1649 1878 1711 Nunc
1918 1661 2228 1733 spectacu-

487 1731 613 1791 lum
645 1742 734 1790 est
764 1670 1011 1811 pienum
1042 1729 1497 1812 superstitionis.
1567 1731 1803 1793 Dicunt
1832 1732 2056 1794 remitti
2085 1754 2228 1815 peo-

488 1823 639 1885 cata,
682 1834 788 1894 per
830 1812 969 1873 istas
1013 1812 1363 1883 unctiones;
1407 1824 1470 1874 et
1511 1813 1740 1875 addunt
1781 1813 2224 1876 invocationem

490 1906 884 1965 mortuorum,
941 1916 1124 1976 quam
1182 1894 1363 1955 'etiam
1420 1917 1662 1957 necesse
1687 1942 1690 1945 Α
1717 1907 1808 1957 est
1861 1896 2221 1979 improbare.

489 1976 637 2038 Ideo
680 1977 742 2037 hi
783 1977 932 2037 ritus
969 1998 1091 2036 non
1134 1986 1441 2037 servantur
1467 1978 1528 2038 in
1559 1978 1776 2039 nostris
1804 1978 2088 2054 ecclesiis,
2113 2001 2229 2042 nec

489 2071 628 2120 ante
671 2059 803 2120 haec
845 2070 1116 2141 tempora
1148 2057 1423 2120 Ecclesia
1462 2060 1647 2121 sensit
1683 2082 1811 2120 esse
1847 2060 2226 2123 necessarios.

489 2141 788 2203 Coeterum
821 2162 928 2223 pro
956 2139 1192 2223 aegrotis
1222 2141 1378 2202 fiunt
1458 2142 1658 2204 ublice
1694 2154 1757 2203 et
1792 2142 2070 2225 privatim
2106 2143 2227 2228 piae

487 2224 879 2306 precationeS,
901 2222 1057 2285 sicut
1083 2222 1361 2305 promisit
1453 2247 1560 2286 eus
1588 2248 1652 2287 se
1679 2225 1860 2286 etiam
1892 2226 2228 2310 corporales

489 2328 784 2368 aerumnas
822 2305 1165 2389 petentibus
1206 2305 1621 2389 mitigaturum
1664 2330 1811 2383 esse,
1829 2307 2009 2388 juxta
2036 2309 2228 2372 illud=

491 2390 712 2451 Invoca
753 2411 848 2452 me
887 2390 967 2451 in.
995 2389 1094 2450 die
1133 2387 1543 2452 tribulationis
1583 2400 1717 2464 tuce,
1746 2399 1806 2452 et
1833 2411 1943 2474 ego
1972 2392 2228 2473 eripiam

489 2480 567 2533 te.

573 2553 759 2614 Fiunt
802 2563 864 2614 et
906 2554 1132 2625 fimet-a,
1176 2554 1425 2616 honesta
1480 2557 1958 2640 congregatione,
1998 2567 2061 2618 et
2110 2555 2227 2641 piis

485 2636 1191 2712 commonefactionibus,
1218 2647 1280 2698 et
1308 2637 1571 2699 canticis.

1042 2815 1663 2858 —-....-...—

492 2951 638 3013 XX.
678 2952 783 3013 De
825 2951 1293 3026 TraditionibuS‚
1328 2953 1396 3013 id
1434 2962 1542 3030 est,
1578 2954 1821 3016 Ritibus
1857 2953 1921 3016 in
1949 2953 2231 3020 Ecclesia

838 3034 1152 3111 institutis,
1180 3035 1574 3098 Autlaeoritate
1601 3037 1887 3099 humana.

493 3114 885 3199 NATURA
931 3137 1231 3199 rationalis
1280 3137 1551 3199 ordinem
1607 3139 1904 3222 intelligit,
1943 3151 2005 3201 et
2054 3140 2230 3203 intei-

495 3221 682 3281 lectus
726 3219 950 3281 ordinis
1000 3242 1121 3281 non
1170 3221 1489 3282 obscurum
1542 3222 1956 3297 testimonium
2006 3234 2098 3284 est
2150 3221 2228 3285 de

493 3302 648 3378 Deo,
678 3324 788 3364 nec
815 3302 1010 3364 vivere
1039 3302 1313 3364 homines
1343 3304 1471 3365 sinc
1491 3304 1692 3386 aliquo
1713 3304 1919 3367 ordine
1939 3316 2222 3388 possunt:

495 3385 667 3446 sicuti
726 3385 784 3446 in
837 3384 1077 3447 familiis
1124 3385 1396 3447 videmus
1446 3399 1718 3482 oportere
1763 3386 2044 3449 distincta
2094 3405 2223 3447 esse

495 3478 760 3549 tempora
807 3468 1098 3545 laborum,
1127 3468 1365 3550 quietis,
1400 3470 1539 3543 cibi,
1573 3469 1787 3531 somni.
1871 3468 1955 3530 Et
1993 3465 2224 3549 optima

495 3570 744 3629 qumquc
773 3560 982 3612 natura
1011 3551 1071 3611 in
1101 3562 1228 3613 tota
1255 3552 1377 3613 vita
1407 3552 1668 3614 maxime
1703 3562 1796 3612 est
1831 3568 2036 3612 amans
2067 3546 2225 3609 ondi-

497 3629 605 3689 nis.
690 3632 780 3692 Ac
805 3632 1019 3694 Paulus
1038 3632 1221 3711 jubet
1247 3634 1451 3695 omnia
1481 3634 1541 3695 in
1564 3632 1835 3697 Ecclesia
1861 3629 1988 3691 fieri
2010 3628 2222 3693 decore
