<?xml version="1.0" encoding="UTF-8"?>
<!DOCTYPE html PUBLIC "-//W3C//DTD XHTML 1.0 Transitional//EN"
    "http://www.w3.org/TR/xhtml1/DTD/xhtml1-transitional.dtd">
<html xmlns="http://www.w3.org/1999/xhtml" xml:lang="en" lang="en">
 <head>
  <title>
</title>
<meta http-equiv="Content-Type" content="text/html;charset=utf-8" />
  <meta name='ocr-system' content='tesseract 3.04.00' />
  <meta name='ocr-capabilities' content='ocr_page ocr_carea ocr_par ocr_line ocrx_word'/>
</head>
<body>
  <div class='ocr_page' id='page_1' title='image "./syllogeconfessio00oxfouoft_0245.png"; bbox 0 0 2418 4172; ppageno 0'>
   <div class='ocr_carea' id='block_1_1' title="bbox 628 334 1930 394">
    <p class='ocr_par' dir='ltr' id='par_1_1' title="bbox 628 334 1930 394">
     <span class='ocr_line' id='line_1_1' title="bbox 628 334 1930 394; baseline -0.005 0"><span class='ocrx_word' id='word_1_1' title='bbox 628 338 1176 394; x_wconf 75' lang='lat' dir='ltr'>AUGUSTANA</span> <span class='ocrx_word' id='word_1_2' title='bbox 1229 335 1483 389; x_wconf 79' lang='lat' dir='ltr'>MDXL.</span> <span class='ocrx_word' id='word_1_3' title='bbox 1821 334 1930 388; x_wconf 73' lang='lat'>223</span> 
     </span>
    </p>
   </div>
   <div class='ocr_carea' id='block_1_2' title="bbox 189 472 1947 3269">
    <p class='ocr_par' dir='ltr' id='par_1_2' title="bbox 189 472 1941 1874">
     <span class='ocr_line' id='line_1_2' title="bbox 189 472 1936 570; baseline -0.006 -24"><span class='ocrx_word' id='word_1_4' title='bbox 189 491 434 570; x_wconf 58' lang='lat' dir='ltr'>psopter</span> <span class='ocrx_word' id='word_1_5' title='bbox 464 480 778 544; x_wconf 85' lang='lat' dir='ltr'>Christum</span> <span class='ocrx_word' id='word_1_6' title='bbox 815 481 1092 565; x_wconf 72' lang='lat' dir='ltr'>placeant</span> <span class='ocrx_word' id='word_1_7' title='bbox 1117 478 1275 552; x_wconf 84' lang='lat' dir='ltr'>Deo,</span> <span class='ocrx_word' id='word_1_8' title='bbox 1304 477 1367 538; x_wconf 84' lang='lat' dir='ltr'>bi</span> <span class='ocrx_word' id='word_1_9' title='bbox 1404 475 1695 538; x_wconf 78' lang='lat' dir='ltr'>amittunt</span> <span class='ocrx_word' id='word_1_10' title='bbox 1723 472 1936 536; x_wconf 82' lang='lat' dir='ltr'>Chris-</span> 
     </span>
     <span class='ocr_line' id='line_1_3' title="bbox 190 555 1930 647; baseline -0.006 -18"><span class='ocrx_word' id='word_1_11' title='bbox 190 578 344 638; x_wconf 70' lang='lat' dir='ltr'>tum,</span> <span class='ocrx_word' id='word_1_12' title='bbox 368 563 513 647; x_wconf 79' lang='lat' dir='ltr'>quia</span> <span class='ocrx_word' id='word_1_13' title='bbox 552 563 838 626; x_wconf 80' lang='lat' dir='ltr'>fiduciam</span> <span class='ocrx_word' id='word_1_14' title='bbox 878 562 1145 623; x_wconf 75' lang='lat' dir='ltr'>debitam</span> <span class='ocrx_word' id='word_1_15' title='bbox 1175 559 1420 622; x_wconf 82' lang='lat' dir='ltr'>Christo</span> <span class='ocrx_word' id='word_1_16' title='bbox 1454 568 1516 619; x_wconf 88' lang='lat' dir='ltr'>et</span> <span class='ocrx_word' id='word_1_17' title='bbox 1551 555 1930 639; x_wconf 74' lang='lat' dir='ltr'>promissioni</span> 
     </span>
     <span class='ocr_line' id='line_1_4' title="bbox 190 637 1934 726; baseline -0.007 -17"><span class='ocrx_word' id='word_1_18' title='bbox 190 646 313 710; x_wconf 72' lang='lat' dir='ltr'>Dei</span> <span class='ocrx_word' id='word_1_19' title='bbox 341 647 706 708; x_wconf 86' lang='lat' dir='ltr'>transferunt</span> <span class='ocrx_word' id='word_1_20' title='bbox 733 645 810 708; x_wconf 88' lang='lat' dir='ltr'>ad</span> <span class='ocrx_word' id='word_1_21' title='bbox 837 666 1037 726; x_wconf 82' lang='lat' dir='ltr'>opera.</span> <span class='ocrx_word' id='word_1_22' title='bbox 1121 642 1278 703; x_wconf 82' lang='lat' dir='ltr'>Item</span> <span class='ocrx_word' id='word_1_23' title='bbox 1309 662 1347 700; x_wconf 94' lang='lat' dir='ltr'>o</span> <span class='ocrx_word' id='word_1_24' title='bbox 1389 649 1627 723; x_wconf 91' lang='lat' dir='ltr'>ponunt</span> <span class='ocrx_word' id='word_1_25' title='bbox 1661 637 1764 698; x_wconf 84' lang='lat' dir='ltr'>iroe</span> <span class='ocrx_word' id='word_1_26' title='bbox 1793 637 1934 711; x_wconf 91' lang='lat' dir='ltr'>Dei,</span> 
     </span>
     <span class='ocr_line' id='line_1_5' title="bbox 191 720 1935 863; baseline -0.008 -72"><span class='ocrx_word' id='word_1_27' title='bbox 191 750 313 792; x_wconf 87' lang='lat' dir='ltr'>non</span> <span class='ocrx_word' id='word_1_28' title='bbox 370 728 822 811; x_wconf 63' lang='lat' dir='ltr'>propitiatorem</span> <span class='ocrx_word' id='word_1_29' title='bbox 879 725 1211 793; x_wconf 85' lang='lat' dir='ltr'>Christum,</span> <span class='ocrx_word' id='word_1_30' title='bbox 1435 720 1674 863; x_wconf 74' lang='lat' dir='ltr'>propria</span> <span class='ocrx_word' id='word_1_31' title='bbox 1738 741 1935 801; x_wconf 87' lang='lat' dir='ltr'>opera,</span> 
     </span>
     <span class='ocr_line' id='line_1_6' title="bbox 190 801 1934 893; baseline -0.006 -20"><span class='ocrx_word' id='word_1_32' title='bbox 190 832 374 893; x_wconf 85' lang='lat' dir='ltr'>quare</span> <span class='ocrx_word' id='word_1_33' title='bbox 398 812 683 872; x_wconf 85' lang='lat' dir='ltr'>honorem</span> <span class='ocrx_word' id='word_1_34' title='bbox 709 809 980 868; x_wconf 88' lang='lat' dir='ltr'>debitum</span> <span class='ocrx_word' id='word_1_35' title='bbox 1006 805 1250 865; x_wconf 85' lang='lat' dir='ltr'>Christo</span> <span class='ocrx_word' id='word_1_36' title='bbox 1271 816 1432 864; x_wconf 90' lang='lat' dir='ltr'>trans</span> <span class='ocrx_word' id='word_1_37' title='bbox 1458 814 1635 863; x_wconf 89' lang='lat' dir='ltr'>erunt</span> <span class='ocrx_word' id='word_1_38' title='bbox 1658 801 1731 861; x_wconf 91' lang='lat' dir='ltr'>ad</span> <span class='ocrx_word' id='word_1_39' title='bbox 1755 823 1934 883; x_wconf 88' lang='lat' dir='ltr'>opera</span> 
     </span>
     <span class='ocr_line' id='line_1_7' title="bbox 191 884 1933 963; baseline -0.007 -8"><span class='ocrx_word' id='word_1_40' title='bbox 191 904 409 956; x_wconf 78' lang='lat' dir='ltr'>nostra.</span> <span class='ocrx_word' id='word_1_41' title='bbox 493 891 747 951; x_wconf 89' lang='lat' dir='ltr'>Constat</span> <span class='ocrx_word' id='word_1_42' title='bbox 776 903 974 950; x_wconf 88' lang='lat' dir='ltr'>autem</span> <span class='ocrx_word' id='word_1_43' title='bbox 1009 887 1335 948; x_wconf 85' lang='lat' dir='ltr'>monachos</span> <span class='ocrx_word' id='word_1_44' title='bbox 1368 887 1483 946; x_wconf 86' lang='lat' dir='ltr'>hoc</span> <span class='ocrx_word' id='word_1_45' title='bbox 1511 884 1743 957; x_wconf 88' lang='lat' dir='ltr'>docere,</span> <span class='ocrx_word' id='word_1_46' title='bbox 1771 884 1933 963; x_wconf 87' lang='lat' dir='ltr'>quod</span> 
     </span>
     <span class='ocr_line' id='line_1_8' title="bbox 193 968 1938 1048; baseline -0.007 -11"><span class='ocrx_word' id='word_1_47' title='bbox 193 975 317 1037; x_wconf 82' lang='lat' dir='ltr'>suis</span> <span class='ocrx_word' id='word_1_48' title='bbox 352 974 864 1035; x_wconf 84' lang='lat' dir='ltr'>observationibus</span> <span class='ocrx_word' id='word_1_49' title='bbox 908 982 1248 1031; x_wconf 89' lang='lat' dir='ltr'>mereantur</span> <span class='ocrx_word' id='word_1_50' title='bbox 1281 968 1690 1029; x_wconf 75' lang='lat' dir='ltr'>remissionem</span> <span class='ocrx_word' id='word_1_51' title='bbox 1728 987 1938 1048; x_wconf 86' lang='lat' dir='ltr'>pecca-</span> 
     </span>
     <span class='ocr_line' id='line_1_9' title="bbox 192 1049 1937 1151; baseline -0.007 -32"><span class='ocrx_word' id='word_1_52' title='bbox 192 1070 412 1130; x_wconf 68' lang='lat' dir='ltr'>torum,</span> <span class='ocrx_word' id='word_1_53' title='bbox 442 1056 604 1151; x_wconf 83' lang='lat' dir='ltr'>quod</span> <span class='ocrx_word' id='word_1_54' title='bbox 646 1056 904 1116; x_wconf 85' lang='lat' dir='ltr'>habeant</span> <span class='ocrx_word' id='word_1_55' title='bbox 935 1053 1154 1114; x_wconf 90' lang='lat' dir='ltr'>Deum·</span> <span class='ocrx_word' id='word_1_56' title='bbox 1184 1051 1512 1134; x_wconf 89' lang='lat' dir='ltr'>propitium</span> <span class='ocrx_word' id='word_1_57' title='bbox 1552 1061 1797 1132; x_wconf 89' lang='lat' dir='ltr'>propter</span> <span class='ocrx_word' id='word_1_58' title='bbox 1830 1049 1937 1109; x_wconf 87' lang='lat' dir='ltr'>has</span> 
     </span>
     <span class='ocr_line' id='line_1_10' title="bbox 193 1132 1938 1218; baseline -0.007 -16"><span class='ocrx_word' id='word_1_59' title='bbox 193 1140 676 1208; x_wconf 56' lang='lat' dir='ltr'>observationem</span> <span class='ocrx_word' id='word_1_60' title='bbox 735 1158 918 1218; x_wconf 92' lang='lat' dir='ltr'>quare</span> <span class='ocrx_word' id='word_1_61' title='bbox 962 1138 1182 1196; x_wconf 86' lang='lat' dir='ltr'>docent</span> <span class='ocrx_word' id='word_1_62' title='bbox 1223 1132 1524 1194; x_wconf 83' lang='lat' dir='ltr'>confidere</span> <span class='ocrx_word' id='word_1_63' title='bbox 1574 1132 1695 1191; x_wconf 87' lang='lat' dir='ltr'>suis</span> <span class='ocrx_word' id='word_1_64' title='bbox 1743 1132 1938 1213; x_wconf 87' lang='lat' dir='ltr'>operi-</span> 
     </span>
     <span class='ocr_line' id='line_1_11' title="bbox 195 1212 1939 1303; baseline -0.006 -19"><span class='ocrx_word' id='word_1_65' title='bbox 195 1224 329 1296; x_wconf 78' lang='lat' dir='ltr'>bus,</span> <span class='ocrx_word' id='word_1_66' title='bbox 355 1243 475 1282; x_wconf 93' lang='lat' dir='ltr'>non</span> <span class='ocrx_word' id='word_1_67' title='bbox 506 1219 929 1303; x_wconf 82' lang='lat' dir='ltr'>propitiatione</span> <span class='ocrx_word' id='word_1_68' title='bbox 958 1218 1203 1278; x_wconf 83' lang='lat' dir='ltr'>Christi.</span> <span class='ocrx_word' id='word_1_69' title='bbox 1283 1215 1434 1276; x_wconf 81' lang='lat' dir='ltr'>Haec</span> <span class='ocrx_word' id='word_1_70' title='bbox 1464 1212 1683 1274; x_wconf 88' lang='lat' dir='ltr'>fiducia</span> <span class='ocrx_word' id='word_1_71' title='bbox 1712 1225 1804 1274; x_wconf 92' lang='lat' dir='ltr'>est</span> <span class='ocrx_word' id='word_1_72' title='bbox 1826 1213 1939 1273; x_wconf 89' lang='lat' dir='ltr'>im-</span> 
     </span>
     <span class='ocr_line' id='line_1_12' title="bbox 195 1296 1940 1442; baseline -0.006 -77"><span class='ocrx_word' id='word_1_73' title='bbox 195 1305 315 1387; x_wconf 89' lang='lat' dir='ltr'>pia,</span> <span class='ocrx_word' id='word_1_74' title='bbox 340 1315 404 1364; x_wconf 90' lang='lat' dir='ltr'>et</span> <span class='ocrx_word' id='word_1_75' title='bbox 440 1325 580 1363; x_wconf 88' lang='lat' dir='ltr'>cum</span> <span class='ocrx_word' id='word_1_76' title='bbox 618 1300 928 1395; x_wconf 78' lang='lat' dir='ltr'>evangelio</span> <span class='ocrx_word' id='word_1_77' title='bbox 968 1312 1217 1442; x_wconf 48' lang='grc' dir='ltr'>ρυῖαῑ,</span> <span class='ocrx_word' id='word_1_78' title='bbox 1244 1311 1306 1358; x_wconf 91' lang='lat' dir='ltr'>et</span> <span class='ocrx_word' id='word_1_79' title='bbox 1343 1299 1404 1358; x_wconf 93' lang='lat' dir='ltr'>in</span> <span class='ocrx_word' id='word_1_80' title='bbox 1424 1296 1658 1377; x_wconf 84' lang='lat' dir='ltr'>judicio</span> <span class='ocrx_word' id='word_1_81' title='bbox 1686 1296 1806 1356; x_wconf 94' lang='lat' dir='ltr'>Dei</span> <span class='ocrx_word' id='word_1_82' title='bbox 1835 1296 1940 1356; x_wconf 88' lang='lat' dir='ltr'>de-</span> 
     </span>
     <span class='ocr_line' id='line_1_13' title="bbox 197 1380 1939 1469; baseline -0.006 -21"><span class='ocrx_word' id='word_1_83' title='bbox 197 1385 600 1469; x_wconf 83' lang='lat' dir='ltr'>prehendetur</span> <span class='ocrx_word' id='word_1_84' title='bbox 625 1406 754 1444; x_wconf 87' lang='lat' dir='ltr'>esse</span> <span class='ocrx_word' id='word_1_85' title='bbox 784 1382 994 1443; x_wconf 81' lang='lat' dir='ltr'>inanis.</span> <span class='ocrx_word' id='word_1_86' title='bbox 1144 1404 1221 1441; x_wconf 90' lang='lat' dir='ltr'>on</span> <span class='ocrx_word' id='word_1_87' title='bbox 1260 1380 1422 1440; x_wconf 90' lang='lat' dir='ltr'>enim</span> <span class='ocrx_word' id='word_1_88' title='bbox 1463 1390 1715 1461; x_wconf 89' lang='lat' dir='ltr'>possunt</span> <span class='ocrx_word' id='word_1_89' title='bbox 1757 1399 1939 1461; x_wconf 90' lang='lat' dir='ltr'>opera</span> 
     </span>
     <span class='ocr_line' id='line_1_14' title="bbox 197 1459 1941 1553; baseline -0.006 -24"><span class='ocrx_word' id='word_1_90' title='bbox 197 1481 400 1529; x_wconf 81' lang='lat' dir='ltr'>nostra</span> <span class='ocrx_word' id='word_1_91' title='bbox 426 1467 649 1550; x_wconf 92' lang='lat' dir='ltr'>opponi</span> <span class='ocrx_word' id='word_1_92' title='bbox 683 1467 781 1526; x_wconf 79' lang='lat' dir='ltr'>irae</span> <span class='ocrx_word' id='word_1_93' title='bbox 810 1487 880 1526; x_wconf 90' lang='lat' dir='ltr'>ac</span> <span class='ocrx_word' id='word_1_94' title='bbox 897 1464 1133 1544; x_wconf 88' lang='lat' dir='ltr'>judicio</span> <span class='ocrx_word' id='word_1_95' title='bbox 1159 1463 1300 1524; x_wconf 90' lang='lat' dir='ltr'>Dei.</span> <span class='ocrx_word' id='word_1_96' title='bbox 1383 1462 1649 1522; x_wconf 88' lang='lat' dir='ltr'>Tantum</span> <span class='ocrx_word' id='word_1_97' title='bbox 1691 1462 1775 1521; x_wconf 90' lang='lat' dir='ltr'>ita</span> <span class='ocrx_word' id='word_1_98' title='bbox 1813 1459 1941 1553; x_wconf 82' lang='lat' dir='ltr'>pla-</span> 
     </span>
     <span class='ocr_line' id='line_1_15' title="bbox 197 1542 1938 1627; baseline -0.006 -16"><span class='ocrx_word' id='word_1_99' title='bbox 197 1561 368 1611; x_wconf 78' lang='lat' dir='ltr'>catur</span> <span class='ocrx_word' id='word_1_100' title='bbox 425 1550 510 1609; x_wconf 89' lang='lat' dir='ltr'>ira</span> <span class='ocrx_word' id='word_1_101' title='bbox 575 1548 716 1621; x_wconf 91' lang='lat' dir='ltr'>Dei,</span> <span class='ocrx_word' id='word_1_102' title='bbox 778 1547 1021 1627; x_wconf 90' lang='lat' dir='ltr'>quando</span> <span class='ocrx_word' id='word_1_103' title='bbox 1085 1546 1403 1627; x_wconf 86' lang='lat' dir='ltr'>gratuitam</span> <span class='ocrx_word' id='word_1_104' title='bbox 1468 1542 1938 1603; x_wconf 73' lang='lat' dir='ltr'>misericordiam</span> 
     </span>
     <span class='ocr_line' id='line_1_16' title="bbox 194 1623 1938 1792; baseline -0.006 -18"><span class='ocrx_word' id='word_1_105' title='bbox 194 1629 789 1792; x_wconf 53' lang='lat' dir='ltr'>ffiffiffl&#39;g‘ffi&#39;?</span> <span class='ocrx_word' id='word_1_106' title='bbox 859 1628 1127 1769; x_wconf 52' lang='lat'>3533?</span> <span class='ocrx_word' id='word_1_107' title='bbox 1129 1623 1843 1787; x_wconf 54' lang='lat' dir='ltr'>mqssdefiffissssefflff</span> <span class='ocrx_word' id='word_1_108' title='bbox 1848 1644 1938 1765; x_wconf 62' lang='lat'><strong>¹¹12·</strong></span> 
     </span>
     <span class='ocr_line' id='line_1_17' title="bbox 196 1788 1574 1874; baseline -0.007 -18"><span class='ocrx_word' id='word_1_109' title='bbox 196 1793 528 1867; x_wconf 83' lang='lat' dir='ltr'>Christum,</span> <span class='ocrx_word' id='word_1_110' title='bbox 557 1791 660 1853; x_wconf 89' lang='lat' dir='ltr'>sed</span> <span class='ocrx_word' id='word_1_111' title='bbox 691 1792 753 1852; x_wconf 93' lang='lat' dir='ltr'>in</span> <span class='ocrx_word' id='word_1_112' title='bbox 781 1812 964 1872; x_wconf 87' lang='lat' dir='ltr'>opera</span> <span class='ocrx_word' id='word_1_113' title='bbox 990 1789 1229 1874; x_wconf 89' lang='lat' dir='ltr'>propria</span> <span class='ocrx_word' id='word_1_114' title='bbox 1258 1788 1574 1849; x_wconf 85' lang='lat' dir='ltr'>collocant.</span> 
     </span>
    </p>

    <p class='ocr_par' dir='ltr' id='par_1_3' title="bbox 198 1870 1944 2755">
     <span class='ocr_line' id='line_1_18' title="bbox 280 1870 1939 1951; baseline -0.004 -14"><span class='ocrx_word' id='word_1_115' title='bbox 280 1877 573 1937; x_wconf 83' lang='lat' dir='ltr'>Praeterea</span> <span class='ocrx_word' id='word_1_116' title='bbox 620 1873 902 1935; x_wconf 88' lang='lat' dir='ltr'>monachi</span> <span class='ocrx_word' id='word_1_117' title='bbox 953 1872 1284 1934; x_wconf 89' lang='lat' dir='ltr'>docuerunt</span> <span class='ocrx_word' id='word_1_118' title='bbox 1333 1892 1510 1930; x_wconf 89' lang='lat' dir='ltr'>suum</span> <span class='ocrx_word' id='word_1_119' title='bbox 1563 1870 1701 1931; x_wconf 83' lang='lat' dir='ltr'>vitae</span> <span class='ocrx_word' id='word_1_120' title='bbox 1749 1891 1939 1951; x_wconf 87' lang='lat' dir='ltr'>genus</span> 
     </span>
     <span class='ocr_line' id='line_1_19' title="bbox 198 1954 1941 2039; baseline -0.005 -19"><span class='ocrx_word' id='word_1_121' title='bbox 198 1969 421 2020; x_wconf 86' lang='lat' dir='ltr'>statum</span> <span class='ocrx_word' id='word_1_122' title='bbox 464 1979 594 2018; x_wconf 88' lang='lat' dir='ltr'>esse</span> <span class='ocrx_word' id='word_1_123' title='bbox 635 1955 1035 2039; x_wconf 85' lang='lat' dir='ltr'>perfectionis,</span> <span class='ocrx_word' id='word_1_124' title='bbox 1071 1955 1216 2036; x_wconf 88' lang='lat' dir='ltr'>quia</span> <span class='ocrx_word' id='word_1_125' title='bbox 1258 1954 1641 2014; x_wconf 80' lang='lat' dir='ltr'>observarent</span> <span class='ocrx_word' id='word_1_126' title='bbox 1682 1974 1803 2012; x_wconf 91' lang='lat' dir='ltr'>non</span> <span class='ocrx_word' id='word_1_127' title='bbox 1847 1974 1941 2012; x_wconf 89' lang='lat' dir='ltr'>so-</span> 
     </span>
     <span class='ocr_line' id='line_1_20' title="bbox 198 2035 1941 2123; baseline -0.003 -22"><span class='ocrx_word' id='word_1_128' title='bbox 198 2040 326 2101; x_wconf 77' lang='lat' dir='ltr'>lum</span> <span class='ocrx_word' id='word_1_129' title='bbox 350 2050 664 2123; x_wconf 77' lang='lat' dir='ltr'>proecepta,</span> <span class='ocrx_word' id='word_1_130' title='bbox 685 2037 787 2098; x_wconf 86' lang='lat' dir='ltr'>sed</span> <span class='ocrx_word' id='word_1_131' title='bbox 809 2038 989 2097; x_wconf 90' lang='lat' dir='ltr'>etiam</span> <span class='ocrx_word' id='word_1_132' title='bbox 1015 2036 1287 2098; x_wconf 88' lang='lat' dir='ltr'>concilia.</span> <span class='ocrx_word' id='word_1_133' title='bbox 1333 2035 1459 2096; x_wconf 92' lang='lat' dir='ltr'>Hic</span> <span class='ocrx_word' id='word_1_134' title='bbox 1486 2057 1648 2095; x_wconf 87' lang='lat' dir='ltr'>error</span> <span class='ocrx_word' id='word_1_135' title='bbox 1674 2035 1941 2096; x_wconf 84' lang='lat' dir='ltr'>maxime</span> 
     </span>
     <span class='ocr_line' id='line_1_21' title="bbox 199 2117 1942 2284; baseline -0.002 -19"><span class='ocrx_word' id='word_1_136' title='bbox 199 2118 1599 2284; x_wconf 46' lang='lat' dir='ltr'>ffigsstaffcz‘oeffiffssitljssss33‘3133‘3222255</span> <span class='ocrx_word' id='word_1_137' title='bbox 1627 2117 1942 2261; x_wconf 54' lang='lat' dir='ltr'>P‘ffififlss</span> 
     </span>
     <span class='ocr_line' id='line_1_22' title="bbox 200 2281 1943 2365; baseline -0.003 -17"><span class='ocrx_word' id='word_1_138' title='bbox 200 2297 378 2347; x_wconf 78' lang='lat' dir='ltr'>natus</span> <span class='ocrx_word' id='word_1_139' title='bbox 404 2297 497 2347; x_wconf 89' lang='lat' dir='ltr'>est</span> <span class='ocrx_word' id='word_1_140' title='bbox 526 2284 823 2346; x_wconf 87' lang='lat' dir='ltr'>horribilis</span> <span class='ocrx_word' id='word_1_141' title='bbox 866 2306 1042 2359; x_wconf 88' lang='lat' dir='ltr'>error,</span> <span class='ocrx_word' id='word_1_142' title='bbox 1069 2282 1231 2365; x_wconf 92' lang='lat' dir='ltr'>quod</span> <span class='ocrx_word' id='word_1_143' title='bbox 1276 2284 1581 2342; x_wconf 84' lang='lat' dir='ltr'>finxerunt</span> <span class='ocrx_word' id='word_1_144' title='bbox 1621 2303 1685 2341; x_wconf 89' lang='lat' dir='ltr'>se</span> <span class='ocrx_word' id='word_1_145' title='bbox 1722 2281 1943 2342; x_wconf 88' lang='lat' dir='ltr'>habere</span> 
     </span>
     <span class='ocr_line' id='line_1_23' title="bbox 201 2364 1942 2451; baseline -0.003 -22"><span class='ocrx_word' id='word_1_146' title='bbox 201 2368 414 2429; x_wconf 78' lang='lat' dir='ltr'>merita</span> <span class='ocrx_word' id='word_1_147' title='bbox 467 2366 1021 2451; x_wconf 72' lang='lat' dir='ltr'>supererogationis.</span> <span class='ocrx_word' id='word_1_148' title='bbox 1107 2365 1263 2427; x_wconf 84' lang='lat' dir='ltr'>Haec</span> <span class='ocrx_word' id='word_1_149' title='bbox 1326 2364 1777 2447; x_wconf 86' lang='lat' dir='ltr'>applicaverunt</span> <span class='ocrx_word' id='word_1_150' title='bbox 1831 2386 1942 2446; x_wconf 91' lang='lat' dir='ltr'>pro</span> 
     </span>
     <span class='ocr_line' id='line_1_24' title="bbox 201 2446 1941 2530; baseline -0.003 -18"><span class='ocrx_word' id='word_1_151' title='bbox 201 2449 352 2525; x_wconf 84' lang='lat' dir='ltr'>aliis,</span> <span class='ocrx_word' id='word_1_152' title='bbox 385 2461 457 2511; x_wconf 93' lang='lat' dir='ltr'>ut</span> <span class='ocrx_word' id='word_1_153' title='bbox 503 2449 932 2510; x_wconf 81' lang='lat' dir='ltr'>satisfactiones</span> <span class='ocrx_word' id='word_1_154' title='bbox 986 2459 1184 2509; x_wconf 87' lang='lat' dir='ltr'>essent</span> <span class='ocrx_word' id='word_1_155' title='bbox 1238 2469 1348 2530; x_wconf 90' lang='lat' dir='ltr'>pro</span> <span class='ocrx_word' id='word_1_156' title='bbox 1396 2446 1605 2507; x_wconf 89' lang='lat' dir='ltr'>alienis</span> <span class='ocrx_word' id='word_1_157' title='bbox 1661 2446 1941 2528; x_wconf 87' lang='lat' dir='ltr'>peccatis.</span> 
     </span>
     <span class='ocr_line' id='line_1_25' title="bbox 202 2529 1944 2613; baseline -0.005 -17"><span class='ocrx_word' id='word_1_158' title='bbox 202 2532 358 2595; x_wconf 68' lang='lat' dir='ltr'>Hoc</span> <span class='ocrx_word' id='word_1_159' title='bbox 386 2533 435 2593; x_wconf 92' lang='lat' dir='ltr'>si</span> <span class='ocrx_word' id='word_1_160' title='bbox 463 2532 599 2613; x_wconf 90' lang='lat' dir='ltr'>quis</span> <span class='ocrx_word' id='word_1_161' title='bbox 626 2530 831 2591; x_wconf 87' lang='lat' dir='ltr'>odiose</span> <span class='ocrx_word' id='word_1_162' title='bbox 850 2531 996 2592; x_wconf 84' lang='lat' dir='ltr'>velit</span> <span class='ocrx_word' id='word_1_163' title='bbox 1015 2530 1336 2611; x_wconf 81' lang='lat' dir='ltr'>exagitare,</span> <span class='ocrx_word' id='word_1_164' title='bbox 1357 2550 1538 2610; x_wconf 90' lang='lat' dir='ltr'>quam</span> <span class='ocrx_word' id='word_1_165' title='bbox 1563 2529 1757 2588; x_wconf 88' lang='lat' dir='ltr'>multa</span> <span class='ocrx_word' id='word_1_166' title='bbox 1777 2550 1944 2589; x_wconf 86' lang='lat' dir='ltr'>com-</span> 
     </span>
     <span class='ocr_line' id='line_1_26' title="bbox 202 2611 1944 2755; baseline -0.002 -80"><span class='ocrx_word' id='word_1_167' title='bbox 202 2636 532 2755; x_wconf 56' lang='lat' dir='ltr'>:lnemorare</span> <span class='ocrx_word' id='word_1_168' title='bbox 568 2613 777 2697; x_wconf 87' lang='lat' dir='ltr'>possit,</span> <span class='ocrx_word' id='word_1_169' title='bbox 805 2634 1061 2694; x_wconf 89' lang='lat' dir='ltr'>quorum</span> <span class='ocrx_word' id='word_1_170' title='bbox 1098 2613 1231 2694; x_wconf 89' lang='lat' dir='ltr'>jam</span> <span class='ocrx_word' id='word_1_171' title='bbox 1273 2612 1433 2694; x_wconf 90' lang='lat' dir='ltr'>ipsos</span> <span class='ocrx_word' id='word_1_172' title='bbox 1472 2611 1803 2672; x_wconf 87' lang='lat' dir='ltr'>monachos</span> <span class='ocrx_word' id='word_1_173' title='bbox 1832 2633 1944 2694; x_wconf 92' lang='lat' dir='ltr'>pu-</span> 
     </span>
    </p>

    <p class='ocr_par' dir='ltr' id='par_1_4' title="bbox 205 2775 1947 3269">
     <span class='ocr_line' id='line_1_27' title="bbox 285 2775 1945 2857; baseline -0.002 -20"><span class='ocrx_word' id='word_1_174' title='bbox 285 2775 431 2837; x_wconf 87' lang='lat' dir='ltr'>Non</span> <span class='ocrx_word' id='word_1_175' title='bbox 472 2788 565 2837; x_wconf 79' lang='lat' dir='ltr'>est</span> <span class='ocrx_word' id='word_1_176' title='bbox 604 2777 732 2837; x_wconf 87' lang='lat' dir='ltr'>leve</span> <span class='ocrx_word' id='word_1_177' title='bbox 774 2776 1121 2838; x_wconf 86' lang='lat' dir='ltr'>scandalum</span> <span class='ocrx_word' id='word_1_178' title='bbox 1157 2777 1216 2836; x_wconf 91' lang='lat' dir='ltr'>in</span> <span class='ocrx_word' id='word_1_179' title='bbox 1257 2775 1526 2848; x_wconf 85' lang='lat' dir='ltr'>ecclesia,</span> <span class='ocrx_word' id='word_1_180' title='bbox 1554 2775 1780 2857; x_wconf 92' lang='lat' dir='ltr'>populo</span> <span class='ocrx_word' id='word_1_181' title='bbox 1807 2796 1945 2856; x_wconf 90' lang='lat' dir='ltr'>pro-</span> 
     </span>
     <span class='ocr_line' id='line_1_28' title="bbox 205 2857 1940 2940; baseline -0.001 -21"><span class='ocrx_word' id='word_1_182' title='bbox 205 2878 427 2940; x_wconf 84' lang='lat' dir='ltr'>ponere</span> <span class='ocrx_word' id='word_1_183' title='bbox 465 2868 693 2919; x_wconf 81' lang='lat' dir='ltr'>certum</span> <span class='ocrx_word' id='word_1_184' title='bbox 738 2859 969 2920; x_wconf 91' lang='lat' dir='ltr'>cultum</span> <span class='ocrx_word' id='word_1_185' title='bbox 1012 2859 1089 2919; x_wconf 90' lang='lat' dir='ltr'>ab</span> <span class='ocrx_word' id='word_1_186' title='bbox 1135 2858 1483 2919; x_wconf 88' lang='lat' dir='ltr'>hominibus</span> <span class='ocrx_word' id='word_1_187' title='bbox 1532 2857 1940 2938; x_wconf 84' lang='lat' dir='ltr'>excogitatum</span> 
     </span>
     <span class='ocr_line' id='line_1_29' title="bbox 206 2938 1942 3021; baseline 0 -21"><span class='ocrx_word' id='word_1_188' title='bbox 206 2939 335 3000; x_wconf 88' lang='lat' dir='ltr'>sine</span> <span class='ocrx_word' id='word_1_189' title='bbox 365 2938 647 3000; x_wconf 86' lang='lat' dir='ltr'>mandato</span> <span class='ocrx_word' id='word_1_190' title='bbox 673 2940 814 3014; x_wconf 90' lang='lat' dir='ltr'>Dei,</span> <span class='ocrx_word' id='word_1_191' title='bbox 841 2952 904 3001; x_wconf 85' lang='lat' dir='ltr'>et</span> <span class='ocrx_word' id='word_1_192' title='bbox 930 2940 1161 3015; x_wconf 91' lang='lat' dir='ltr'>docere,</span> <span class='ocrx_word' id='word_1_193' title='bbox 1189 2940 1350 3021; x_wconf 91' lang='lat' dir='ltr'>quod</span> <span class='ocrx_word' id='word_1_194' title='bbox 1379 2940 1514 3000; x_wconf 88' lang='lat' dir='ltr'>talis</span> <span class='ocrx_word' id='word_1_195' title='bbox 1543 2939 1741 3000; x_wconf 88' lang='lat' dir='ltr'>cultus</span> <span class='ocrx_word' id='word_1_196' title='bbox 1759 2939 1942 3019; x_wconf 87' lang='lat' dir='ltr'>justi-</span> 
     </span>
     <span class='ocr_line' id='line_1_30' title="bbox 207 3021 1942 3103; baseline 0 -21"><span class='ocrx_word' id='word_1_197' title='bbox 207 3023 348 3083; x_wconf 81' lang='lat' dir='ltr'>ficet</span> <span class='ocrx_word' id='word_1_198' title='bbox 367 3021 661 3083; x_wconf 84' lang='lat' dir='ltr'>homines.</span> <span class='ocrx_word' id='word_1_199' title='bbox 727 3022 886 3091; x_wconf 82' lang='lat' dir='ltr'>Quia</span> <span class='ocrx_word' id='word_1_200' title='bbox 896 3021 1132 3102; x_wconf 89' lang='lat' dir='ltr'>justitia</span> <span class='ocrx_word' id='word_1_201' title='bbox 1161 3023 1301 3083; x_wconf 88' lang='lat' dir='ltr'>fidei</span> <span class='ocrx_word' id='word_1_202' title='bbox 1325 3022 1386 3082; x_wconf 90' lang='lat' dir='ltr'>in</span> <span class='ocrx_word' id='word_1_203' title='bbox 1409 3022 1739 3095; x_wconf 85' lang='lat' dir='ltr'>Christum,</span> <span class='ocrx_word' id='word_1_204' title='bbox 1758 3043 1942 3103; x_wconf 90' lang='lat' dir='ltr'>quam</span> 
     </span>
     <span class='ocr_line' id='line_1_31' title="bbox 208 3091 1940 3185; baseline 0.001 -21"><span class='ocrx_word' id='word_1_205' title='bbox 208 3103 472 3165; x_wconf 76' lang='lat' dir='ltr'>maxime</span> <span class='ocrx_word' id='word_1_206' title='bbox 515 3115 752 3185; x_wconf 87' lang='lat' dir='ltr'>oportet</span> <span class='ocrx_word' id='word_1_207' title='bbox 792 3091 945 3166; x_wconf 50' lang='lat' dir='ltr'>tradi</span> <span class='ocrx_word' id='word_1_208' title='bbox 987 3105 1049 3166; x_wconf 91' lang='lat' dir='ltr'>in</span> <span class='ocrx_word' id='word_1_209' title='bbox 1093 3105 1362 3179; x_wconf 87' lang='lat' dir='ltr'>ecclesia,</span> <span class='ocrx_word' id='word_1_210' title='bbox 1399 3106 1767 3177; x_wconf 86' lang='lat' dir='ltr'>obscuratur,</span> <span class='ocrx_word' id='word_1_211' title='bbox 1800 3124 1940 3165; x_wconf 88' lang='lat' dir='ltr'>cum</span> 
     </span>
     <span class='ocr_line' id='line_1_32' title="bbox 207 3185 1947 3269; baseline 0.001 -23"><span class='ocrx_word' id='word_1_212' title='bbox 207 3186 324 3247; x_wconf 77' lang='lat' dir='ltr'>inae</span> <span class='ocrx_word' id='word_1_213' title='bbox 366 3185 634 3247; x_wconf 80' lang='lat' dir='ltr'>mirificoe</span> <span class='ocrx_word' id='word_1_214' title='bbox 674 3185 779 3246; x_wconf 84' lang='lat' dir='ltr'>reli</span> <span class='ocrx_word' id='word_1_215' title='bbox 826 3186 989 3248; x_wconf 80' lang='lat' dir='ltr'>&#39;ones</span> <span class='ocrx_word' id='word_1_216' title='bbox 1037 3188 1405 3269; x_wconf 79' lang='lat' dir='ltr'>angelorum,</span> <span class='ocrx_word' id='word_1_217' title='bbox 1448 3186 1752 3247; x_wconf 77' lang='lat' dir='ltr'>simulatio</span> <span class='ocrx_word' id='word_1_218' title='bbox 1796 3207 1947 3268; x_wconf 89' lang='lat' dir='ltr'>pau·</span> 
     </span>
    </p>
   </div>
   <div class='ocr_carea' id='block_1_3' title="bbox 205 3267 1947 3412">
    <p class='ocr_par' dir='ltr' id='par_1_5' title="bbox 205 3267 1947 3412">
     <span class='ocr_line' id='line_1_33' title="bbox 206 3267 1947 3410; baseline 0.002 -83"><span class='ocrx_word' id='word_1_219' title='bbox 206 3268 466 3410; x_wconf 49' lang='grc' dir='ltr'>ρατιρίὶῗι</span> <span class='ocrx_word' id='word_1_220' title='bbox 506 3278 589 3360; x_wconf 46' lang='lat' dir='ltr'>et·</span> <span class='ocrx_word' id='word_1_221' title='bbox 627 3267 796 3328; x_wconf 81' lang='lat' dir='ltr'>humi</span> <span class='ocrx_word' id='word_1_222' title='bbox 822 3268 1001 3343; x_wconf 84' lang='lat' dir='ltr'>itatis,</span> <span class='ocrx_word' id='word_1_223' title='bbox 1052 3279 1117 3330; x_wconf 89' lang='lat' dir='ltr'>et</span> <span class='ocrx_word' id='word_1_224' title='bbox 1170 3269 1507 3341; x_wconf 82' lang='lat' dir='ltr'>coelibatus‚</span> <span class='ocrx_word' id='word_1_225' title='bbox 1554 3267 1947 3330; x_wconf 87' lang='lat' dir='ltr'>offunduntur</span> 
     </span>
     <span class='ocr_line' id='line_1_34' title="bbox 205 3370 766 3412; baseline -0.005 0"><span class='ocrx_word' id='word_1_226' title='bbox 205 3371 321 3412; x_wconf 84' lang='lat' dir='ltr'>ocu</span> <span class='ocrx_word' id='word_1_227' title='bbox 345 3371 396 3410; x_wconf 75' lang='lat' dir='ltr'>is</span> <span class='ocrx_word' id='word_1_228' title='bbox 468 3370 766 3410; x_wconf 81' lang='lat' dir='ltr'>ominum.</span> 
     </span>
    </p>
   </div>
   <div class='ocr_carea' id='block_1_4' title="bbox 206 3429 1946 3588">
    <p class='ocr_par' dir='ltr' id='par_1_6' title="bbox 206 3429 1946 3588">
     <span class='ocr_line' id='line_1_35' title="bbox 290 3429 1946 3513; baseline 0.001 -21"><span class='ocrx_word' id='word_1_229' title='bbox 290 3432 583 3493; x_wconf 86' lang='lat' dir='ltr'>Praeterea</span> <span class='ocrx_word' id='word_1_230' title='bbox 611 3432 1004 3492; x_wconf 87' lang='lat' dir='ltr'>obscurantur</span> <span class='ocrx_word' id='word_1_231' title='bbox 1029 3443 1330 3513; x_wconf 81' lang='lat' dir='ltr'>praecepta</span> <span class='ocrx_word' id='word_1_232' title='bbox 1355 3429 1498 3503; x_wconf 90' lang='lat' dir='ltr'>Dei,</span> <span class='ocrx_word' id='word_1_233' title='bbox 1525 3442 1588 3492; x_wconf 89' lang='lat' dir='ltr'>et</span> <span class='ocrx_word' id='word_1_234' title='bbox 1615 3453 1788 3493; x_wconf 83' lang='lat' dir='ltr'>vems</span> <span class='ocrx_word' id='word_1_235' title='bbox 1819 3432 1946 3495; x_wconf 74' lang='lat' dir='ltr'>cub·</span> 
     </span>
     <span class='ocr_line' id='line_1_36' title="bbox 206 3512 1945 3588; baseline 0.001 -13"><span class='ocrx_word' id='word_1_236' title='bbox 206 3523 304 3575; x_wconf 84' lang='lat' dir='ltr'>tus</span> <span class='ocrx_word' id='word_1_237' title='bbox 330 3514 471 3588; x_wconf 89' lang='lat' dir='ltr'>Dei,</span> <span class='ocrx_word' id='word_1_238' title='bbox 498 3535 639 3575; x_wconf 89' lang='lat' dir='ltr'>cum</span> <span class='ocrx_word' id='word_1_239' title='bbox 671 3512 923 3574; x_wconf 89' lang='lat' dir='ltr'>audiunt</span> <span class='ocrx_word' id='word_1_240' title='bbox 951 3512 1227 3574; x_wconf 89' lang='lat' dir='ltr'>homines</span> <span class='ocrx_word' id='word_1_241' title='bbox 1255 3513 1411 3574; x_wconf 89' lang='lat' dir='ltr'>solos</span> <span class='ocrx_word' id='word_1_242' title='bbox 1450 3514 1778 3576; x_wconf 85' lang='lat' dir='ltr'>monachos</span> <span class='ocrx_word' id='word_1_243' title='bbox 1814 3537 1945 3576; x_wconf 68' lang='lat' dir='ltr'>ase</span> 
     </span>
    </p>
   </div>
   <div class='ocr_carea' id='block_1_5' title="bbox 208 3582 2103 3691">
    <p class='ocr_par' dir='ltr' id='par_1_7' title="bbox 208 3582 2103 3691">
     <span class='ocr_line' id='line_1_37' title="bbox 208 3582 2103 3691; baseline 0.002 -35"><span class='ocrx_word' id='word_1_244' title='bbox 208 3594 272 3656; x_wconf 92' lang='lat' dir='ltr'>in</span> <span class='ocrx_word' id='word_1_245' title='bbox 310 3607 470 3659; x_wconf 84' lang='lat' dir='ltr'>statu</span> <span class='ocrx_word' id='word_1_246' title='bbox 511 3594 911 3680; x_wconf 85' lang='lat' dir='ltr'>perfectionis,</span> <span class='ocrx_word' id='word_1_247' title='bbox 951 3594 1095 3676; x_wconf 90' lang='lat' dir='ltr'>quia</span> <span class='ocrx_word' id='word_1_248' title='bbox 1134 3594 1421 3678; x_wconf 85' lang='lat' dir='ltr'>perfectio</span> <span class='ocrx_word' id='word_1_249' title='bbox 1462 3595 1805 3660; x_wconf 86' lang='lat' dir='ltr'>Christiana</span> <span class='ocrx_word' id='word_1_250' title='bbox 1852 3608 1946 3659; x_wconf 87' lang='lat' dir='ltr'>est</span> <span class='ocrx_word' id='word_1_251' title='bbox 2011 3687 2020 3691; x_wconf 15' lang='grc' dir='ltr'><strong><em>ὴ</em></strong></span> <span class='ocrx_word' id='word_1_252' title='bbox 2098 3582 2103 3587; x_wconf 51' lang='grc'>’</span> 
     </span>
    </p>
   </div>
  </div>
 </body>
</html>
