2418 4172
522 363 593 416 xii
1115 362 1609 417 PRAEFATIO.

523 505 698 567 rebus
740 504 1030 576 ferebant,
1068 506 1350 589 exemplo
1393 505 1516 566 sint
1547 505 1826 567 Canones
1856 505 2086 590 Synodi
2116 506 2276 568 Dor·

511 600 886 666 drechtanoe.

605 699 903 761 Profuerit
951 699 1132 761 etiam
1185 697 1473 760 Ecclesia!
1516 697 1866 780 Anglicanoe
1907 698 2088 759 libros
2129 717 2272 759 cum

522 794 618 856 his
667 796 955 869 conferre,
998 816 1079 857 ex
1128 818 1248 878 qua
1295 795 1744 879 comparatione
1785 794 2164 868 luculentior,
2206 803 2276 854 ut

520 892 858 976 opinamur,
899 892 1111 954 evadet
1155 891 1472 976 prudentia
1521 891 1810 953 Ecclesia!
1861 902 2096 962 nostrae,
2137 911 2274 971 quoe

520 1010 662 1050 cum
703 989 1083 1071 antiquarum
1116 989 1601 1063 Confessionum,
1627 988 1929 1071 proecipue
1969 989 2278 1070 Augusta-

523 1108 641 1161 nae,
683 1086 946 1168 vestigiis
989 1085 1316 1159 inbaeserit,
1357 1098 1419 1146 et
1461 1084 1727 1146 studiosa
1769 1096 1928 1146 certe
1970 1083 2169 1157 fuerit,
2204 1091 2277 1144 ut

521 1203 661 1243 cum
694 1181 823 1242 aliis
852 1181 1343 1242 communionem
1375 1181 1673 1254 retineret,
1702 1191 1761 1240 et
1790 1180 1854 1240 in
1883 1178 2274 1241 offensionem

519 1298 702 1359 quam
749 1277 1065 1338 minimam
1106 1277 1451 1348 incurreret,
1487 1296 1788 1336 summam
1833 1285 2039 1336 tamen
2070 1271 2295 1335 caut&

519 1372 639 1432 lam
686 1371 980 1444 adhibuit,
1010 1370 1231 1451 nequid
1275 1370 1492 1431 durum
1539 1380 1644 1430 aut
1684 1369 1859 1430 facile
1900 1367 2274 1431 abutmdum

519 1468 642 1529 suis
685 1468 1041 1550 imponeret,
1072 1477 1133 1527 et
1171 1466 1231 1527 in
1269 1487 1341 1526 eo
1373 1466 1660 1527 laboravit
1701 1466 1986 1541 maxime,
2014 1475 2083 1526 ut
2122 1462 2277 1527 illud

518 1563 681 1646 quod
724 1585 801 1624 ex
843 1575 1097 1643 utraque
1139 1572 1310 1645 parte
1352 1573 1580 1623 certum
1629 1562 1707 1621 sit
1747 1573 1809 1622 et
1851 1561 2029 1644 plane
2063 1581 2277 1622 verum

519 1671 864 1722 constanter
898 1670 1146 1733 teneret,
1173 1670 1385 1719 coetera
1427 1659 1487 1718 in
1535 1658 1735 1719 medio
1776 1657 2172 1740 relinqueret:
2215 1678 2274 1718 v.

522 1779 607 1839 gr.
645 1757 705 1817 in
750 1755 977 1817 difficili
1025 1755 1125 1815 illa
1167 1754 1243 1815 de
1286 1754 1538 1815 decretis
1567 1754 1686 1815 Dei
1727 1754 1881 1816 circa
1912 1754 2278 1838 redemptio-

524 1875 660 1915 nem
694 1851 957 1914 hominis
987 1850 1317 1932 quaestione
1345 1850 1427 1911 ita
1455 1873 1517 1911 se
1546 1850 1834 1924 exercuit,
1863 1861 1932 1912 ut
1959 1851 2183 1912 salvam
2212 1859 2278 1911 et

525 1950 767 2011 illoesam
801 1959 1029 2009 teneret
1057 1948 1305 2008 liberam
1336 1947 1395 2007 in
1430 1947 1675 2008 homine
1703 1947 1844 2007 mali
1869 1959 1931 2007 et
1950 1946 2093 2008 boni
2116 1946 2277 2008 eleo-

522 2046 769 2120 tionem,
802 2044 957 2124 (sine
1000 2066 1119 2126 qua
1161 2065 1356 2124 neque
1395 2065 1616 2126 poenae,
1646 2065 1843 2124 neque
1876 2042 2141 2126 praemiis
2167 2043 2278 2105 ob-

523 2143 687 2204 noxii
737 2163 865 2202 esse
918 2162 1258 2223 possumus,
1300 2161 1498 2221 neque
1549 2151 1814 2200 nostram
1858 2140 1971 2223 ipsi
2016 2140 2275 2202 salutem

511 2238 692 2319 juxta
719 2238 1083 2321 Apostolum
1116 2237 1367 2298 Paulum
1391 2238 1677 2320 ‘operari,)
1709 2237 1887 2298 simul
1929 2248 2131 2298 autem
2168 2259 2275 2321 ag-

524 2347 731 2396 noscat
774 2333 1067 2395 infinitam
1110 2332 1227 2393 Dei
1274 2332 1728 2414 praescientiam,
1757 2344 1818 2393 et
1851 2332 2106 2416 gratiam
2142 2333 2274 2414 ejus

527 2432 702 2492 unice
733 2431 1015 2490 humanae
1046 2428 1252 2489 salutis
1281 2427 1603 2503 efficacem,
1635 2429 1835 2490 minus
1874 2429 2123 2501 solicita,
2150 2451 2275 2513 quo

523 2539 703 2610 pacto
747 2525 875 2586 boec
920 2524 1074 2584 inter
1107 2547 1169 2584 se
1199 2524 1675 2599 committantur,
1702 2537 1764 2586 et
1792 2547 1931 2587 suos
1962 2525 2106 2588 hinc
2133 2525 2379 2730 inv
2398 2546 2418 2596 ,·

2372 2655 2401 2687 2’

525 2622 746 2683 limites
775 2633 836 2682 ct
864 2620 1327 2704 explicationem
1361 2620 1638 2682 habeant.
2098 2643 2171 2735 ᾖ·

585 2786 870 2842 Daunus
898 2802 973 2839 ax
998 2782 1242 2838 AEmaus
1269 2783 1793 2850 Cmammouusis,

872 2870 996 2923 Oct.
1023 2867 1112 2934 26,
1139 2869 1299 2922 1804.
