2418 4172
535 373 642 430 276
1164 371 1637 427 CONFESSIO

538 524 1000 586 eramentorum,
1050 513 1126 574 de
1185 513 1547 574 ministerio:
1607 526 1669 574 et
1725 514 2111 576 manifestum
2168 525 2280 588 est,

538 597 685 659 nulli
717 608 1017 668 creaturae,
1047 618 1168 656 non
1206 596 1453 678 angelis,
1481 618 1603 656 non
1647 595 1994 658 hominibus
2036 619 2280 658 eonces-

535 702 669 742 sum
700 702 847 754 esse,
876 692 1106 740 inutare
1133 678 1465 740 doctrinam
1497 702 1531 739 a
1559 678 1698 739 Deo
1727 678 2024 740 traditam.
2066 679 2280 749 Qualis

535 774 738 825 autem
788 762 865 822 sit
906 761 1199 835 Ecclesia,
1242 760 1505 822 ostendit
1547 761 1736 822 Filius
1779 761 1922 834 Dei,
1964 761 2278 843 inquiens:

536 845 819 929 Regnum
862 867 1058 906 meum
1100 866 1218 905 non
1249 853 1339 906 est
1368 844 1442 904 de
1469 844 1577 906 lioc
1605 844 1824 904 mundo
1843 869 1864 904 .·
1910 844 2077 917 item,
2105 842 2283 904 Sicut

534 928 735 990 Pater
762 949 929 989 meus
970 927 1134 988 misit
1160 949 1273 998 me,
1302 928 1392 988 sic
1418 948 1528 1010 ego
1564 928 1738 988 mitto
1766 949 1887 988 vos.
1957 925 2282 1008 Colligitur

531 1032 679 1072 voce
710 1011 1116 1071 ministrorum
1147 1009 1459 1092 Evangelii
1490 1021 1711 1070 aeterna
1737 1008 2008 1070 Ecclesia
2028 1007 2187 1080 Dec,
2218 1019 2279 1069 et

531 1092 777 1175 quidem
825 1092 939 1152 hac
966 1112 1112 1151 voce
1139 1091 1311 1151 Deus
1354 1103 1446 1152 est
1485 1091 1717 1164 efficax,
1746 1103 1808 1152 et
1837 1091 2059 1152 multos
2101 1089 2175 1151 ad
2216 1112 2280 1150 se

531 1173 842 1236 convertit.
927 1172 1070 1234 Hoc
1113 1173 1480 1233 immensum
1525 1174 1886 1234 beneficium
1931 1173 2051 1234 Dei
2093 1195 2279 1256 agno·

532 1278 715 1328 scere,
743 1267 804 1316 et
846 1254 996 1336 grati
1042 1255 1341 1316 celebrare
1383 1254 1694 1316 debemus.
1777 1256 2143 1336 Quanquam
2174 1277 2279 1316 au-

531 1350 656 1399 tem
681 1337 955 1398 Ecclesia
982 1348 1074 1398 est
1101 1349 1316 1410 coetus,
1334 1337 1437 1417 qui
1461 1336 1726 1419 conspici
1758 1348 1820 1397 et
1849 1336 2118 1398 exaudiri
2144 1348 2280 1430 pot-

529 1430 640 1495 est,
689 1431 896 1481 tamen
943 1419 1368 1481 discernendus
1418 1431 1509 1479 est
1561 1420 1636 1479 ab
1685 1418 1954 1502 imperiis
2000 1418 2281 1502 politicis,

529 1525 635 1564 seu
693 1502 1036 1585 gerentibus
1094 1501 1398 1585 gladium:
1457 1524 1567 1562 nec
1610 1501 1750 1581 jure
1798 1501 2004 1563 divino
2053 1501 2281 1563 habent

529 1586 798 1669 episcopi
841 1596 1203 1668 potestatem
1248 1583 1535 1668 puniendi
1579 1607 1700 1645 non
1751 1584 2117 1659 obedientes,
2165 1606 2279 1646 nec

528 1669 781 1752 imperia
832 1667 1042 1729 mundi
1088 1667 1441 1750 occupandi.
1527 1667 1612 1728 Et
1659 1680 1864 1728 tamen
1907 1667 1969 1728 in
2018 1690 2089 1728 ea
2131 1666 2279 1727 ordo

527 1763 639 1825 est,
658 1751 839 1831 juxta
867 1750 1052 1810 illud:
1088 1750 1402 1819 Ascendit,
1433 1749 1541 1809 dat
1568 1750 1724 1810 dona
1753 1749 2106 1819 hominibus,
2134 1770 2278 1830 apo-

526 1833 729 1904 stolos,
751 1833 1099 1927 propbetas,
1131 1831 1554 1916 euangelista&
1573 1841 1855 1914 pastores
1893 1840 1954 1894 et
1987 1832 2275 1894 doctores.

529 1916 721 1977 Filius
766 1916 885 1976 Dei
926 1928 1017 1976 est
1060 1938 1298 1977 summa
1341 1914 1646 1989 Sacerdos,
1677 1927 1893 1975 unctus
1936 1916 2013 1976 ab
2053 1926 2277 1976 aeterno

527 2000 722 2072 Patre,
750 1999 853 2080 qui
899 2011 966 2059 ut
1005 2020 1126 2058 non
1165 1996 1435 2058 funditus
1465 1998 1718 2057 intereat
1746 1996 2037 2070 Ecclesia,
2067 1997 2277 2059 minis·

526 2094 650 2143 tros
693 2080 1008 2163 Evangelii
1046 2081 1100 2140 ei
1141 2079 1434 2153 attribuit,
1476 2079 1694 2161 partim
1743 2102 1776 2139 a
1821 2102 1885 2140 se
1927 2077 2276 2141 immediate

524 2175 785 2237 vocatOS,
816 2175 885 2223 ut
912 2163 1235 2245 prophetas
1265 2176 1327 2223 et
1365 2163 1685 2244 apostolos,
1714 2162 1932 2245 partim
1962 2162 2278 2224 vocatione

525 2247 793 2308 humana
822 2246 1061 2306 electos
1146 2245 1310 2307 Nam
1357 2258 1419 2306 et
1459 2244 1747 2307 Ecclesiae
1786 2245 2143 2306 electionem
2173 2244 2277 2306 ad·

524 2331 758 2412 probat,
795 2341 858 2389 et
901 2329 1195 2389 immensa
1238 2328 1507 2389 bonitate
1549 2328 1760 2389 efficax
1806 2340 1917 2398 est,
1951 2328 2134 2389 etiam
2181 2349 2276 2389 so-

525 2424 709 2473 nante
747 2411 916 2472 Evan
962 2411 1080 2471 elio
1120 2434 1227 2493 per
1265 2411 1486 2471 electos
1533 2410 1844 2492 suffragiiS,
1882 2421 1986 2471 aut
2027 2410 2275 2471 nomine

524 2494 835 2555 Ecclesioe.
982 2493 1281 2554 etinemus
1327 2494 1508 2575 igitur
1537 2505 1598 2553 ct
1640 2492 1701 2552 in
1748 2492 1964 2554 nostris
2006 2491 2272 2554 ecclesiis

523 2576 835 2659 publicum
868 2575 1052 2636 ritum
1081 2575 1487 2648 ordinationis,
1515 2597 1637 2655 quo
1666 2573 2131 2636 commendatur
2158 2574 2272 2636 mi·

523 2659 834 2720 nisterium
877 2658 1189 2740 Evangelii
1221 2658 1359 2718 viris
1405 2657 1629 2730 electis,
1667 2679 1925 2739 quorum
1972 2663 2167 2738 mores
2211 2669 2274 2719 et

522 2740 858 2803 doctrinam
904 2741 1067 2823 prius
1110 2741 1512 2824 exploramus.
1598 2739 1683 2800 Et
1719 2740 1794 2800 de
1831 2739 1891 2800 di
1983 2740 2125 2801 itate
2161 2740 2275 2802 mi·

523 2824 747 2885 nisterii
808 2822 1065 2884 fideliter
1118 2822 1407 2884 docemus
1464 2822 1760 2884 ecclesias.
1843 2763 2017 2884 Νξὲἢ
2080 2821 2272 2903 maJus

521 2906 639 2968 dici
685 2917 901 2990 potest,
949 2928 1133 2988 quani
1184 2906 1343 2989 quod
1395 2906 1586 2968 Filius
1634 2905 1755 2967 Dei
1808 2905 2039 2988 inquit:
2098 2906 2275 2968 Sicut

522 2989 721 3052 Pater
748 3010 915 3051 meus
955 2990 1119 3051 misit
1155 3011 1267 3061 me,
1294 2991 1384 3051 sic
1425 3011 1536 3072 ego
1574 2989 1748 3050 mitto
1783 3011 1903 3051 vos.
1988 2987 2274 3051 Ostendit
2382 2994 2389 2999 ’

521 3086 583 3134 et
611 3094 747 3155 quae
778 3071 1061 3133 mandata
1089 3073 1208 3147 det,
1231 3072 1562 3167 prjaedicate
1588 3071 2037 3155 Evangeli‘um:
2080 3070 2273 3166 etoad·

521 3157 740 3230 firmat,
777 3178 839 3217 se
885 3177 993 3249 per
1032 3178 1241 3217 vocem
1296 3157 1532 3217 illorum
1580 3155 2074 3250 efficacem-fore,
2115 3163 2272 3218 sicut

520 3237 1240 3420 ,fgssifnssiti‘ldillassiafff
1235 3238 1914 3395 ιῗὲἶωαῖῗῖωμίἓῖἰέἷ
1920 3260 2043 3383 ²:51¹.
2057 3237 2269 3383 ...¹251

522 3427 626 3488 qui
653 3427 759 3467 vos
785 3405 1038 3503 spernit,
1065 3427 1160 3467 me
1177 3405 1414 3488 spernit
1436 3430 1457 3466 .·
1503 3405 1670 3477 item,
1706 3403 1961 3467 obedite
1975 3398 2265 3494 propa?-
2358 3463 2366 3470 .

523 3489 602 3548 tis
637 3497 871 3549 vestris.
956 3487 1092 3550 Nec
1131 3501 1334 3550 tamen
1379 3488 1507 3550 hoec
1549 3487 1720 3582 dicta·
1753 3505 2002 3582 regnum
2044 3494 2266 3577 ⁰⁰⁰?tl‘

523 3581 700 3631 tuunt
737 3584 904 3665 extra
943 3569 1360 3666 Evangelium,
1400 3571 1504 3664 scd
1549 3570 1948 3661 obedientiam
1995 3586 2264 3660 precipi-

523 3663 652 3725 unt,
696 3652 961 3714 debitam
1011 3675 1140 3715 voci
1191 3653 1522 3735 Evangelii.
1607 3651 1690 3713 Et
1737 3650 1811 3713 ad
1864 3661 2258 3712 ministerium

2380 3601 2393 3639 t

2380 3739 2393 3757 d

2375 3788 2387 3804 *a

2373 3814 2388 3826 J

2347 3941 2394 4172 l
