2418 4172
683 333 1236 388 AUGUSTANA
1287 331 1543 386 Mnxl..
1879 329 1981 387 195

240 475 415 552 Idem
442 474 659 558 probat
687 486 882 536 totum
914 487 1100 558 caput
1124 475 1206 537 xi.
1234 473 1310 536 ad
1343 473 1652 535 Hebraeos.
1698 470 1851 531 Fide
1949 472 1952 475 ’

237 557 558 623 maor-em
605 556 862 619 hostiam
911 558 1132 621 obtudit
1175 556 1352 619 Abel.
1434 555 1615 627 Item,
1658 551 1806 612 Sine
1833 492 1981 634 ἦ

235 638 602 723 inpossibile
638 649 729 701 est
756 641 1006 723 placere
1034 641 1191 701 Dea.
1276 639 1443 721 Ergo
1481 636 1662 698 missa
1700 656 1820 695 non
1854 656 1980 696 me-

234 735 401 785 retur
441 722 854 784 remissionem
898 723 1096 805 culpae
1133 733 1238 782 aut
1322 742 1496 793 oenoe,
1525 740 1599 780 ex
1628 739 1808 800 opere
1837 739 1980 799 ope-

233 815 386 868 rato.
469 805 625 866 Haec
666 806 818 866 ratio
859 805 1171 887 perspicue
1214 826 1274 863 re
1304 815 1434 864 utat
1476 801 1779 875 meritum,
1818 800 1978 881 quod

235 899 471 966 vocant,
499 909 575 949 ex
604 908 784 970 opere
812 899 1078 970 operato.

320 971 642 1041 Quintum.
727 970 876 1031 Fide
925 969 1166 1053 propria
1213 970 1284 1029 fit
1330 968 1653 1051 applicatio
1703 965 1978 1027 beneficii

237 1052 485 1128 Christi,
512 1053 668 1114 sicut
697 1065 947 1115 testatur
977 1054 1194 1113 Paulus
1217 1052 1476 1113 Roman.
1507 1051 1589 1111 iii.
1625 1050 1823 1115 Quem
1839 1070 1984 1130 pro-

228 1138 437 1220 posuit
471 1137 654 1198 Deus
688 1137 1152 1218 propitiatorem
1191 1157 1308 1216 per
1323 1133 1547 1217 fidem,
1572 1155 1690 1216 per
1728 1132 1983 1215 sangui-

238 1241 376 1283 nem
402 1218 550 1304 q‘us.
635 1219 720 1280 Et
758 1220 887 1279 haec
923 1218 1245 1301 applicatio
1274 1219 1344 1278 fit
1371 1219 1572 1299 gratis.
1657 1215 1715 1277 E
1784 1238 1823 1275 o
1862 1237 1982 1275 non

240 1302 311 1364 fit
352 1302 677 1386 applicatio
720 1301 915 1363 alieno
954 1323 1152 1384 opere,
1190 1322 1388 1382 neque
1431 1314 1675 1384 propter
1715 1238 1980 1359 :lienum

239 1406 413 1468 opus.
495 1384 660 1445 Nam
699 1406 841 1445 cum
882 1384 1265 1445 sacramentis
1298 1384 1546 1458 utimur,
1573 1394 1776 1443 nostro
1804 1402 1984 1463 opere

240 1487 312 1529 ae
341 1478 544 1528 nostm
569 1466 691 1527 fide
719 1469 789 1527 fit
817 1467 1164 1550 applicatio,
1193 1488 1317 1527 non
1356 1466 1552 1527 alieno
1590 1487 1787 1547 opere.
1875 1463 1985 1524 Et-

238 1548 404 1610 enim
433 1549 632 1625 sinon
663 1550 1039 1632 contingeret
1067 1549 1240 1609 nobis
1262 1549 1553 1620 remissio,
1577 1547 1688 1607 nisi
1718 1569 1751 1607 a
1796 1546 1983 1628 plica-

238 1630 319 1692 tis
345 1630 562 1705 missis,
594 1632 762 1691 fieret
786 1631 1032 1703 incerta,
1060 1641 1122 1690 et
1144 1630 1369 1690 fiducia
1398 1628 1723 1689 transferen
1769 1650 1803 1688 a
1831 1639 1987 1687 esset

238 1710 547 1773 aChristo
583 1712 643 1772 in
763 1734 831 1773 as
852 1710 1212 1786 sacerdotis,
1237 1710 1426 1792 idque
1445 1722 1520 1770 ut
1546 1721 1804 1784 constat,
1831 1709 1984 1770 aoei-

234 1793 346 1856 dit.
427 1794 609 1856 Porro
650 1795 688 1855 fi
739 1795 873 1855 ucia
908 1794 1200 1855 collocata
1237 1793 1298 1854 in
1337 1814 1490 1876 opus
1522 1793 1788 1853 hominis
1816 1792 1987 1853 dam-

236 1887 379 1939 nata
403 1888 513 1938 est.
870 1928 873 1930 ,

190 2026 205 2035 ,
273 1995 277 1998 <
322 1958 481 2022 Haee
512 1971 869 2041 argumenta
894 1971 956 2020 et
982 1959 1268 2042 pleraque
1297 1958 1414 2018 alia
1447 1969 1749 2020 testantur
1781 1979 1986 2019 neces-

238 2042 395 2104 sario
436 2043 859 2125 reprehensam
899 2062 1028 2102 esse
1065 2041 1519 2123 opinionemde
1549 2041 1764 2103 merito
1791 2054 1988 2124 etap-

238 2125 567 2209 plicatione
597 2125 790 2186 missoe
819 2147 929 2207 pro
958 2123 1107 2184 vivis
1134 2135 1196 2184 et
1224 2123 1495 2184 mortuis.
1573 2124 1723 2186 «Iam
1757 2124 1808 2184 si
1843 2146 1987 2185 con·

240 2206 613 2281 siderabitur,
640 2227 821 2289 quam
856 2206 972 2267 late
1003 2219 1250 2288 vagatus
1280 2206 1359 2267 sit
1389 2206 1489 2267 hic
1514 2228 1679 2266 error
1703 2206 1767 2266 in
1797 2206 2009 2283 eccle-⁷

238 2290 345 2365 sia,
371 2289 679 2372 quomodo
710 2291 823 2351 hac
851 2289 1233 2383 persuasione
1262 2288 1513 2350 creverit
1537 2289 1854 2349 missarum
1876 2310 1988 2349 nu-

239 2392 460 2444 merus,
487 2372 796 2454 quomodo
823 2373 972 2433 vivis
1002 2384 1063 2432 et
1092 2371 1356 2432 mortuis
1380 2371 1496 2432 boc
1525 2372 1816 2432 sacrificio
1849 2393 1987 2454 pro-

240 2454 423 2517 missa
462 2455 541 2516 sit
585 2455 853 2515 remissio
892 2455 1085 2538 culpae
1118 2466 1180 2515 et
1206 2476 1427 2537 poenae,
1457 2454 1770 2536 apparebit
1796 2454 1988 2515 eccle-

238 2537 389 2600 siam
432 2549 678 2621 propter
717 2538 872 2598 hanc
909 2538 1475 2620 prophanationem,
1508 2536 1814 2597 horrendis
1846 2558 1986 2619 pec-

237 2619 386 2683 catis
413 2621 825 2683 deformatam
877 2642 1023 2681 esse.
1108 2619 1444 2701 Nunquam
1503 2620 1739 2702 gravior
1786 2642 1984 2693 causa,

236 2703 471 2786 optime
487 2702 840 2787 imperator,
862 2703 925 2764 in
955 2702 1203 2764 ecclesia
1234 2702 1466 2776 incidit,
1495 2713 1599 2763 aut
1630 2702 1886 2784 dignior,
1908 2702 1985 2762 de

238 2806 362 2867 qua
388 2784 550 2847 docti
579 2799 641 2846 et
670 2786 811 2847 boni
839 2786 950 2847 viri
981 2786 1301 2867 diligenter
1326 2785 1676 2846 deliberent.
1748 2785 1983 2845 Omnes

239 2866 327 2951 pii
368 2866 798 2928 ardentissimis
836 2869 991 2929 votis
1035 2891 1070 2929 a
1106 2869 1245 2929 Deo
1289 2882 1489 2949 petere
1523 2867 1763 2941 debent,
1791 2877 1858 2926 ut
1890 2866 1984 2926 his

239 2949 501 3032 moestis
556 2950 807 3011 ecclesia
855 2951 1155 3012 liberetur.
1242 2951 1441 3032 Reges
1486 2971 1697 3010 omnes
1746 2959 1808 3009 et
1856 2948 1985 3032 epi·

240 3031 408 3116 scopi
441 3033 612 3093 omni
654 3032 854 3123 studio
881 3034 1069 3094 anniti
1099 3034 1341 3106 debent,
1375 3045 1459 3107 ut,
1490 3033 1604 3093 hac
1643 3043 1768 3092 tota
1805 3053 1985 3093 causa

239 3114 354 3176 rite
380 3114 696 3198 explicata,
724 3127 1074 3198 repurgetur
1099 3115 1369 3178 ecclesia.
1480 3119 1482 3121 ’

323 3196 601 3258 Sextum.
685 3197 999 3260 Institutio
1038 3197 1395 3260 sacramenti
1439 3208 1673 3280 pugnat
1706 3218 1846 3256 cum
1878 3196 1983 3257 illo

238 3281 451 3342 abusu.
537 3278 712 3339 Nihil
755 3280 918 3341 enim
953 3280 1028 3341 de
1061 3281 1368 3341 oblatione
1396 3302 1504 3360 pro
1534 3278 1794 3361 peccatis
1820 3278 1986 3340 vivo-

238 3384 373 3425 rum
417 3375 482 3423 et
522 3373 894 3423 mortuorum
939 3362 1319 3456 praecipitur:
1372 3360 1476 3421 sed
1520 3361 1880 3444 praecipitur,
1915 3372 1984 3423 ut

239 3458 554 3508 sumantur
587 3467 802 3527 corpus
830 3457 893 3506 et
920 3466 1164 3526 sanguis
1193 3443 1466 3517 Domini,
1494 3456 1556 3504 et
1585 3455 1654 3504 ut
1681 3443 1741 3504 id
1773 3445 1880 3506 fiat
1905 3442 1982 3505 ad

238 3527 712 3591 recordationem
743 3527 1015 3589 beneficii
1046 3526 1294 3587 Christi.
1380 3525 1742 3588 Recordatio
1778 3537 1980 3589 autem

242 3608 558 3694 significat,
584 3633 706 3672 non
735 3610 1000 3692 aliquam
1029 3621 1271 3671 tantum
1301 3608 1565 3671 historiae
1601 3619 1985 3694 repraesenta·
2028 3682 2035 3686 ⁵

1067 3712 1110 3753 Ο
1140 3706 1177 3753 2

1643 3749 1660 3756 o

1663 3769 1696 3783 l
