<?xml version="1.0" encoding="UTF-8"?>
<!DOCTYPE html PUBLIC "-//W3C//DTD XHTML 1.0 Transitional//EN"
    "http://www.w3.org/TR/xhtml1/DTD/xhtml1-transitional.dtd">
<html xmlns="http://www.w3.org/1999/xhtml" xml:lang="en" lang="en">
 <head>
  <title>
</title>
<meta http-equiv="Content-Type" content="text/html;charset=utf-8" />
  <meta name='ocr-system' content='tesseract 3.04.00' />
  <meta name='ocr-capabilities' content='ocr_page ocr_carea ocr_par ocr_line ocrx_word'/>
</head>
<body>
  <div class='ocr_page' id='page_1' title='image "./syllogeconfessio00oxfouoft_0371.png"; bbox 0 0 2418 4172; ppageno 0'>
   <div class='ocr_carea' id='block_1_1' title="bbox 879 360 1952 421">
    <p class='ocr_par' dir='ltr' id='par_1_1' title="bbox 879 360 1952 421">
     <span class='ocr_line' id='line_1_1' title="bbox 879 360 1952 421; baseline 0.007 -8"><span class='ocrx_word' id='word_1_1' title='bbox 879 360 1295 416; x_wconf 81' lang='lat' dir='ltr'>BELGICA.</span> <span class='ocrx_word' id='word_1_2' title='bbox 1843 364 1952 421; x_wconf 71' lang='lat'><strong>84¹9</strong></span> 
     </span>
    </p>
   </div>
   <div class='ocr_carea' id='block_1_2' title="bbox 204 500 1950 587">
    <p class='ocr_par' dir='ltr' id='par_1_2' title="bbox 204 500 1950 587">
     <span class='ocr_line' id='line_1_2' title="bbox 204 500 1950 587; baseline 0.003 -26"><span class='ocrx_word' id='word_1_3' title='bbox 204 509 410 562; x_wconf 76' lang='lat' dir='ltr'><strong>noster</strong></span> <span class='ocrx_word' id='word_1_4' title='bbox 440 501 715 562; x_wconf 87' lang='lat' dir='ltr'><strong>instituit.</strong></span> <span class='ocrx_word' id='word_1_5' title='bbox 801 502 956 564; x_wconf 84' lang='lat' dir='ltr'>Sunt</span> <span class='ocrx_word' id='word_1_6' title='bbox 984 525 1122 564; x_wconf 87' lang='lat' dir='ltr'><strong>vero</strong></span> <span class='ocrx_word' id='word_1_7' title='bbox 1152 503 1252 564; x_wconf 88' lang='lat' dir='ltr'><strong>illa</strong></span> <span class='ocrx_word' id='word_1_8' title='bbox 1279 501 1402 587; x_wconf 85' lang='lat' dir='ltr'><strong>duo</strong></span> <span class='ocrx_word' id='word_1_9' title='bbox 1428 500 1742 575; x_wconf 79' lang='lat' dir='ltr'><strong>duntaxat,</strong></span> <span class='ocrx_word' id='word_1_10' title='bbox 1770 503 1950 566; x_wconf 86' lang='lat' dir='ltr'><strong>nimi-</strong></span> 
     </span>
    </p>
   </div>
   <div class='ocr_carea' id='block_1_3' title="bbox 206 579 1946 728">
    <p class='ocr_par' dir='ltr' id='par_1_3' title="bbox 206 579 1946 728">
     <span class='ocr_line' id='line_1_3' title="bbox 207 579 1946 668; baseline 0.003 -26"><span class='ocrx_word' id='word_1_11' title='bbox 207 601 342 641; x_wconf 87' lang='lat' dir='ltr'><strong>rum</strong></span> <span class='ocrx_word' id='word_1_12' title='bbox 374 595 815 644; x_wconf 83' lang='lat' dir='ltr'><strong>sacramentum</strong></span> <span class='ocrx_word' id='word_1_13' title='bbox 845 585 1145 668; x_wconf 87' lang='lat' dir='ltr'><strong>Baptismi</strong></span> <span class='ocrx_word' id='word_1_14' title='bbox 1169 597 1230 647; x_wconf 89' lang='lat' dir='ltr'><strong>et</strong></span> <span class='ocrx_word' id='word_1_15' title='bbox 1251 579 1431 646; x_wconf 81' lang='lat' dir='ltr'><strong>sacroe</strong></span> <span class='ocrx_word' id='word_1_16' title='bbox 1459 583 1671 645; x_wconf 81' lang='lat' dir='ltr'><strong>Coenae</strong></span> <span class='ocrx_word' id='word_1_17' title='bbox 1692 583 1946 647; x_wconf 83' lang='lat' dir='ltr'>Domini</span> 
     </span>
     <span class='ocr_line' id='line_1_4' title="bbox 206 666 850 728; baseline 0.003 -5"><span class='ocrx_word' id='word_1_18' title='bbox 206 666 396 726; x_wconf 85' lang='lat' dir='ltr'><strong>nostri</strong></span> <span class='ocrx_word' id='word_1_19' title='bbox 423 668 574 728; x_wconf 82' lang='lat' dir='ltr'><strong>Jesu</strong></span> <span class='ocrx_word' id='word_1_20' title='bbox 605 666 850 727; x_wconf 82' lang='lat' dir='ltr'><strong>Christi.</strong></span> 
     </span>
    </p>
   </div>
   <div class='ocr_carea' id='block_1_4' title="bbox 200 707 1959 2241">
    <p class='ocr_par' dir='ltr' id='par_1_4' title="bbox 206 707 1954 995">
     <span class='ocr_line' id='line_1_5' title="bbox 290 707 1954 810; baseline 0 -2"><span class='ocrx_word' id='word_1_21' title='bbox 290 747 596 810; x_wconf 88' lang='lat' dir='ltr'><strong>XXXIV.</strong></span> <span class='ocrx_word' id='word_1_22' title='bbox 640 748 958 807; x_wconf 77' lang='lat' dir='ltr'>Credimus</span> <span class='ocrx_word' id='word_1_23' title='bbox 1001 758 1063 806; x_wconf 90' lang='lat' dir='ltr'><strong>et</strong></span> <span class='ocrx_word' id='word_1_24' title='bbox 1104 707 1465 808; x_wconf 84' lang='lat' dir='ltr'><strong>confitemur</strong></span> <span class='ocrx_word' id='word_1_25' title='bbox 1494 747 1710 807; x_wconf 82' lang='lat' dir='ltr'><strong>Jesum</strong></span> <span class='ocrx_word' id='word_1_26' title='bbox 1746 747 1954 808; x_wconf 81' lang='lat' dir='ltr'><strong>Chris-</strong></span> 
     </span>
     <span class='ocr_line' id='line_1_6' title="bbox 207 829 1949 922; baseline 0.002 -34"><span class='ocrx_word' id='word_1_27' title='bbox 207 838 340 891; x_wconf 86' lang='lat' dir='ltr'><strong>tum</strong></span> <span class='ocrx_word' id='word_1_28' title='bbox 374 831 508 922; x_wconf 91' lang='lat' dir='ltr'><strong>(qui</strong></span> <span class='ocrx_word' id='word_1_29' title='bbox 536 829 671 890; x_wconf 81' lang='lat' dir='ltr'><strong>finis</strong></span> <span class='ocrx_word' id='word_1_30' title='bbox 702 829 847 908; x_wconf 87' lang='lat' dir='ltr'><strong>legis</strong></span> <span class='ocrx_word' id='word_1_31' title='bbox 878 834 992 906; x_wconf 90' lang='lat' dir='ltr'><strong>est)</strong></span> <span class='ocrx_word' id='word_1_32' title='bbox 1015 829 1183 888; x_wconf 88' lang='lat' dir='ltr'><strong>omni</strong></span> <span class='ocrx_word' id='word_1_33' title='bbox 1213 830 1310 889; x_wconf 89' lang='lat' dir='ltr'><strong>alii</strong></span> <span class='ocrx_word' id='word_1_34' title='bbox 1343 829 1651 911; x_wconf 86' lang='lat' dir='ltr'><strong>sanguinis</strong></span> <span class='ocrx_word' id='word_1_35' title='bbox 1679 830 1949 892; x_wconf 86' lang='lat' dir='ltr'><strong>effusioni</strong></span> 
     </span>
     <span class='ocr_line' id='line_1_7' title="bbox 206 910 1950 1054; baseline 0.001 -82"><span class='ocrx_word' id='word_1_36' title='bbox 206 910 283 972; x_wconf 77' lang='lat' dir='ltr'><strong>ad</strong></span> <span class='ocrx_word' id='word_1_37' title='bbox 250 911 823 1054; x_wconf 59' lang='lat' dir='ltr'><strong>repropitiationem</strong></span> <span class='ocrx_word' id='word_1_38' title='bbox 886 922 1265 1005; x_wconf 81' lang='lat' dir='ltr'><strong>peccatorum</strong></span> <span class='ocrx_word' id='word_1_39' title='bbox 1326 911 1686 972; x_wconf 83' lang='lat' dir='ltr'><strong>adhibendae</strong></span> <span class='ocrx_word' id='word_1_40' title='bbox 1745 914 1950 987; x_wconf 86' lang='lat' dir='ltr'><strong>finem,</strong></span> 
     </span>
    </p>

    <p class='ocr_par' dir='ltr' id='par_1_5' title="bbox 361 993 1953 1086">
     <span class='ocr_line' id='line_1_8' title="bbox 361 993 1953 1086; baseline 0.001 -32"><span class='ocrx_word' id='word_1_41' title='bbox 361 993 450 1054; x_wconf 90' lang='lat' dir='ltr'><strong>rio</strong></span> <span class='ocrx_word' id='word_1_42' title='bbox 495 1014 604 1053; x_wconf 88' lang='lat' dir='ltr'><strong>suo</strong></span> <span class='ocrx_word' id='word_1_43' title='bbox 652 993 941 1086; x_wconf 82' lang='lat' dir='ltr'><strong>sanguine</strong></span> <span class='ocrx_word' id='word_1_44' title='bbox 991 993 1198 1065; x_wconf 88' lang='lat' dir='ltr'><strong>effuso,</strong></span> <span class='ocrx_word' id='word_1_45' title='bbox 1232 994 1360 1073; x_wconf 88' lang='lat' dir='ltr'><strong>jam</strong></span> <span class='ocrx_word' id='word_1_46' title='bbox 1409 994 1783 1076; x_wconf 80' lang='lat' dir='ltr'><strong>imposuisse.</strong></span> <span class='ocrx_word' id='word_1_47' title='bbox 1870 996 1953 1057; x_wconf 92' lang='lat' dir='ltr'><strong>Et</strong></span> 
     </span>
    </p>

    <p class='ocr_par' dir='ltr' id='par_1_6' title="bbox 200 1075 1959 2231">
     <span class='ocr_line' id='line_1_9' title="bbox 245 1075 1953 1171; baseline 0.001 -34.065"><span class='ocrx_word' id='word_1_48' title='bbox 245 1075 430 1137; x_wconf 87' lang='lat' dir='ltr'><strong>boita</strong></span> <span class='ocrx_word' id='word_1_49' title='bbox 485 1076 957 1148; x_wconf 76' lang='lat' dir='ltr'><strong>circumcisione,</strong></span> <span class='ocrx_word' id='word_1_50' title='bbox 1000 1097 1134 1156; x_wconf 88' lang='lat' dir='ltr'><strong>quae</strong></span> <span class='ocrx_word' id='word_1_51' title='bbox 1187 1078 1371 1137; x_wconf 81' lang='lat' dir='ltr'><strong>fiebat</strong></span> <span class='ocrx_word' id='word_1_52' title='bbox 1426 1098 1533 1171; x_wconf 91' lang='lat' dir='ltr'><strong>per</strong></span> <span class='ocrx_word' id='word_1_53' title='bbox 1578 1078 1953 1159; x_wconf 86' lang='lat' dir='ltr'><strong>sanguinem,</strong></span> 
     </span>
     <span class='ocr_line' id='line_1_10' title="bbox 200 1157 1954 1253; baseline 0.001 -33"><span class='ocrx_word' id='word_1_54' title='bbox 200 1157 579 1253; x_wconf 81' lang='lat' dir='ltr'><strong>baptismum</strong></span> <span class='ocrx_word' id='word_1_55' title='bbox 613 1158 770 1218; x_wconf 90' lang='lat' dir='ltr'><strong>illius</strong></span> <span class='ocrx_word' id='word_1_56' title='bbox 802 1159 932 1219; x_wconf 90' lang='lat' dir='ltr'><strong>loco</strong></span> <span class='ocrx_word' id='word_1_57' title='bbox 963 1158 1309 1232; x_wconf 77' lang='lat' dir='ltr'><strong>instituisse,</strong></span> <span class='ocrx_word' id='word_1_58' title='bbox 1337 1181 1460 1240; x_wconf 93' lang='lat' dir='ltr'><strong>quo</strong></span> <span class='ocrx_word' id='word_1_59' title='bbox 1489 1159 1549 1219; x_wconf 92' lang='lat' dir='ltr'><strong>in</strong></span> <span class='ocrx_word' id='word_1_60' title='bbox 1591 1160 1711 1220; x_wconf 92' lang='lat' dir='ltr'><strong>Dei</strong></span> <span class='ocrx_word' id='word_1_61' title='bbox 1743 1160 1954 1221; x_wconf 87' lang='lat' dir='ltr'><strong>Eccle-</strong></span> 
     </span>
     <span class='ocr_line' id='line_1_11' title="bbox 206 1240 1954 1335; baseline 0.001 -33"><span class='ocrx_word' id='word_1_62' title='bbox 206 1240 358 1302; x_wconf 74' lang='lat' dir='ltr'><strong>siam</strong></span> <span class='ocrx_word' id='word_1_63' title='bbox 389 1263 733 1335; x_wconf 72' lang='lat' dir='ltr'><strong>recipimur,</strong></span> <span class='ocrx_word' id='word_1_64' title='bbox 761 1252 822 1301; x_wconf 89' lang='lat' dir='ltr'><strong>et</strong></span> <span class='ocrx_word' id='word_1_65' title='bbox 850 1264 882 1300; x_wconf 85' lang='lat' dir='ltr'><strong>a</strong></span> <span class='ocrx_word' id='word_1_66' title='bbox 918 1241 1151 1301; x_wconf 87' lang='lat' dir='ltr'><strong>cunctis</strong></span> <span class='ocrx_word' id='word_1_67' title='bbox 1192 1242 1319 1302; x_wconf 88' lang='lat' dir='ltr'><strong>aliis</strong></span> <span class='ocrx_word' id='word_1_68' title='bbox 1359 1241 1638 1323; x_wconf 89' lang='lat' dir='ltr'><strong>gentibus</strong></span> <span class='ocrx_word' id='word_1_69' title='bbox 1682 1266 1751 1303; x_wconf 86' lang='lat' dir='ltr'><strong>ac</strong></span> <span class='ocrx_word' id='word_1_70' title='bbox 1787 1266 1954 1325; x_wconf 91' lang='lat' dir='ltr'><strong>pere-</strong></span> 
     </span>
     <span class='ocr_line' id='line_1_12' title="bbox 209 1323 1950 1418; baseline 0.001 -34"><span class='ocrx_word' id='word_1_71' title='bbox 209 1323 396 1404; x_wconf 82' lang='lat' dir='ltr'><strong>grinis</strong></span> <span class='ocrx_word' id='word_1_72' title='bbox 437 1324 719 1385; x_wconf 89' lang='lat' dir='ltr'><strong>omnibus</strong></span> <span class='ocrx_word' id='word_1_73' title='bbox 762 1323 1148 1404; x_wconf 85' lang='lat' dir='ltr'><strong>religionibus</strong></span> <span class='ocrx_word' id='word_1_74' title='bbox 1188 1346 1586 1418; x_wconf 79' lang='lat' dir='ltr'><strong>segregamur,</strong></span> <span class='ocrx_word' id='word_1_75' title='bbox 1615 1336 1824 1407; x_wconf 87' lang='lat' dir='ltr'><strong>utpote</strong></span> <span class='ocrx_word' id='word_1_76' title='bbox 1863 1327 1950 1386; x_wconf 88' lang='lat' dir='ltr'><strong>illi</strong></span> 
     </span>
     <span class='ocr_line' id='line_1_13' title="bbox 208 1405 1954 1500; baseline 0.002 -34"><span class='ocrx_word' id='word_1_77' title='bbox 208 1405 320 1467; x_wconf 83' lang='lat' dir='ltr'><strong>soli</strong></span> <span class='ocrx_word' id='word_1_78' title='bbox 363 1406 712 1479; x_wconf 87' lang='lat' dir='ltr'><strong>consecrati,</strong></span> <span class='ocrx_word' id='word_1_79' title='bbox 750 1428 920 1485; x_wconf 82' lang='lat' dir='ltr'><strong>quus</strong></span> <span class='ocrx_word' id='word_1_80' title='bbox 964 1407 1309 1500; x_wconf 84' lang='lat' dir='ltr'><strong>symbolum</strong></span> <span class='ocrx_word' id='word_1_81' title='bbox 1357 1419 1418 1467; x_wconf 92' lang='lat' dir='ltr'><strong>et</strong></span> <span class='ocrx_word' id='word_1_82' title='bbox 1460 1429 1716 1489; x_wconf 74' lang='lat' dir='ltr'><strong>insigma</strong></span> <span class='ocrx_word' id='word_1_83' title='bbox 1758 1419 1954 1490; x_wconf 87' lang='lat' dir='ltr'><strong>gesta-</strong></span> 
     </span>
     <span class='ocr_line' id='line_1_14' title="bbox 209 1488 1954 1585; baseline 0.001 -36"><span class='ocrx_word' id='word_1_84' title='bbox 209 1509 366 1550; x_wconf 83' lang='lat' dir='ltr'><strong>mus.</strong></span> <span class='ocrx_word' id='word_1_85' title='bbox 450 1488 564 1549; x_wconf 89' lang='lat' dir='ltr'><strong>Est</strong></span> <span class='ocrx_word' id='word_1_86' title='bbox 600 1488 861 1569; x_wconf 89' lang='lat' dir='ltr'><strong>denique</strong></span> <span class='ocrx_word' id='word_1_87' title='bbox 900 1489 1072 1548; x_wconf 87' lang='lat' dir='ltr'><strong>uobis</strong></span> <span class='ocrx_word' id='word_1_88' title='bbox 1102 1490 1450 1550; x_wconf 88' lang='lat' dir='ltr'><strong>testimonio</strong></span> <span class='ocrx_word' id='word_1_89' title='bbox 1480 1489 1857 1585; x_wconf 87' lang='lat' dir='ltr'><strong>Baptismus,</strong></span> <span class='ocrx_word' id='word_1_90' title='bbox 1884 1492 1954 1551; x_wconf 88' lang='lat' dir='ltr'><strong>il-</strong></span> 
     </span>
     <span class='ocr_line' id='line_1_15' title="bbox 211 1569 1954 1666; baseline 0.001 -34"><span class='ocrx_word' id='word_1_91' title='bbox 211 1569 386 1632; x_wconf 90' lang='lat' dir='ltr'><strong>lum</strong></span> <span class='ocrx_word' id='word_1_92' title='bbox 370 1592 567 1664; x_wconf 73' lang='lat' dir='ltr'><strong>ipsum</strong></span> <span class='ocrx_word' id='word_1_93' title='bbox 600 1571 804 1631; x_wconf 91' lang='lat' dir='ltr'><strong>Deum</strong></span> <span class='ocrx_word' id='word_1_94' title='bbox 838 1582 1110 1631; x_wconf 87' lang='lat' dir='ltr'><strong>nostrum</strong></span> <span class='ocrx_word' id='word_1_95' title='bbox 1150 1572 1328 1631; x_wconf 87' lang='lat' dir='ltr'><strong>fore</strong></span> <span class='ocrx_word' id='word_1_96' title='bbox 1313 1594 1374 1631; x_wconf 91' lang='grc' dir='ltr'><strong>ιιι</strong></span> <span class='ocrx_word' id='word_1_97' title='bbox 1416 1583 1727 1646; x_wconf 84' lang='lat' dir='ltr'><strong>aeternum,</strong></span> <span class='ocrx_word' id='word_1_98' title='bbox 1756 1573 1860 1666; x_wconf 90' lang='lat' dir='ltr'><strong>qui</strong></span> <span class='ocrx_word' id='word_1_99' title='bbox 1891 1585 1954 1634; x_wconf 90' lang='lat' dir='ltr'><strong>et</strong></span> 
     </span>
     <span class='ocr_line' id='line_1_16' title="bbox 207 1652 1955 1745; baseline 0.001 -31.002"><span class='ocrx_word' id='word_1_100' title='bbox 207 1652 391 1715; x_wconf 81' lang='lat' dir='ltr'><strong>Pater</strong></span> <span class='ocrx_word' id='word_1_101' title='bbox 416 1654 590 1714; x_wconf 88' lang='lat' dir='ltr'><strong>nobis</strong></span> <span class='ocrx_word' id='word_1_102' title='bbox 619 1664 710 1713; x_wconf 88' lang='lat' dir='ltr'><strong>est</strong></span> <span class='ocrx_word' id='word_1_103' title='bbox 737 1653 1053 1745; x_wconf 75' lang='lat' dir='ltr'><strong>propitius.</strong></span> <span class='ocrx_word' id='word_1_104' title='bbox 1130 1653 1284 1713; x_wconf 87' lang='lat' dir='ltr'><strong>Suos</strong></span> <span class='ocrx_word' id='word_1_105' title='bbox 1322 1654 1504 1733; x_wconf 91' lang='lat' dir='ltr'><strong>igitur</strong></span> <span class='ocrx_word' id='word_1_106' title='bbox 1531 1676 1742 1713; x_wconf 90' lang='lat' dir='ltr'><strong>omnes</strong></span> <span class='ocrx_word' id='word_1_107' title='bbox 1771 1655 1955 1734; x_wconf 83' lang='lat' dir='ltr'><strong>Jussit</strong></span> 
     </span>
     <span class='ocr_line' id='line_1_17' title="bbox 207 1734 1951 1816; baseline 0.001 -20"><span class='ocrx_word' id='word_1_108' title='bbox 207 1734 559 1797; x_wconf 86' lang='lat' dir='ltr'><strong>Dominus</strong></span> <span class='ocrx_word' id='word_1_109' title='bbox 544 1757 607 1795; x_wconf 93' lang='grc' dir='ltr'><strong>ιιι</strong></span> <span class='ocrx_word' id='word_1_110' title='bbox 637 1756 883 1795; x_wconf 79' lang='lat' dir='ltr'><strong>nomine</strong></span> <span class='ocrx_word' id='word_1_111' title='bbox 902 1734 1110 1808; x_wconf 88' lang='lat' dir='ltr'><strong>Patris,</strong></span> <span class='ocrx_word' id='word_1_112' title='bbox 1131 1746 1192 1795; x_wconf 94' lang='lat' dir='ltr'><strong>et</strong></span> <span class='ocrx_word' id='word_1_113' title='bbox 1210 1735 1367 1808; x_wconf 84' lang='lat' dir='ltr'><strong>Filii,</strong></span> <span class='ocrx_word' id='word_1_114' title='bbox 1387 1747 1450 1794; x_wconf 93' lang='lat' dir='ltr'><strong>et</strong></span> <span class='ocrx_word' id='word_1_115' title='bbox 1471 1736 1730 1816; x_wconf 85' lang='lat' dir='ltr'><strong>Spiritus</strong></span> <span class='ocrx_word' id='word_1_116' title='bbox 1748 1737 1951 1797; x_wconf 88' lang='lat' dir='ltr'><strong>Sancti</strong></span> 
     </span>
     <span class='ocr_line' id='line_1_18' title="bbox 207 1817 1954 1900; baseline 0 -21"><span class='ocrx_word' id='word_1_117' title='bbox 207 1839 359 1900; x_wconf 85' lang='lat' dir='ltr'><strong>pura</strong></span> <span class='ocrx_word' id='word_1_118' title='bbox 432 1839 588 1898; x_wconf 89' lang='lat' dir='ltr'><strong>aqua</strong></span> <span class='ocrx_word' id='word_1_119' title='bbox 654 1817 989 1899; x_wconf 83' lang='lat' dir='ltr'><strong>baptizari:</strong></span> <span class='ocrx_word' id='word_1_120' title='bbox 1053 1827 1121 1877; x_wconf 91' lang='lat' dir='ltr'><strong>ut</strong></span> <span class='ocrx_word' id='word_1_121' title='bbox 1169 1817 1531 1898; x_wconf 86' lang='lat' dir='ltr'><strong>significaret</strong></span> <span class='ocrx_word' id='word_1_122' title='bbox 1596 1818 1954 1900; x_wconf 88' lang='lat' dir='ltr'><strong>sanguinem</strong></span> 
     </span>
     <span class='ocr_line' id='line_1_19' title="bbox 209 1899 1957 1993; baseline 0 -31"><span class='ocrx_word' id='word_1_123' title='bbox 209 1899 435 1962; x_wconf 79' lang='lat' dir='ltr'><strong>Christi</strong></span> <span class='ocrx_word' id='word_1_124' title='bbox 474 1922 583 1983; x_wconf 90' lang='lat' dir='ltr'><strong>per</strong></span> <span class='ocrx_word' id='word_1_125' title='bbox 610 1900 903 1993; x_wconf 81' lang='lat' dir='ltr'><strong>Spiritum</strong></span> <span class='ocrx_word' id='word_1_126' title='bbox 935 1899 1223 1960; x_wconf 87' lang='lat' dir='ltr'><strong>Sanctum</strong></span> <span class='ocrx_word' id='word_1_127' title='bbox 1266 1899 1426 1960; x_wconf 90' lang='lat' dir='ltr'><strong>idem</strong></span> <span class='ocrx_word' id='word_1_128' title='bbox 1460 1912 1737 1983; x_wconf 83' lang='lat' dir='ltr'><strong>proestare</strong></span> <span class='ocrx_word' id='word_1_129' title='bbox 1775 1913 1837 1961; x_wconf 94' lang='lat' dir='ltr'><strong>et</strong></span> <span class='ocrx_word' id='word_1_130' title='bbox 1869 1902 1957 1962; x_wconf 91' lang='lat' dir='ltr'><strong>ef-</strong></span> 
     </span>
     <span class='ocr_line' id='line_1_20' title="bbox 210 1982 1957 2066; baseline 0.001 -22"><span class='ocrx_word' id='word_1_131' title='bbox 210 1984 392 2044; x_wconf 80' lang='lat' dir='ltr'><strong>ficere</strong></span> <span class='ocrx_word' id='word_1_132' title='bbox 422 1983 656 2043; x_wconf 90' lang='lat' dir='ltr'><strong>interne</strong></span> <span class='ocrx_word' id='word_1_133' title='bbox 686 2004 747 2042; x_wconf 91' lang='grc' dir='ltr'><strong>ιιι</strong></span> <span class='ocrx_word' id='word_1_134' title='bbox 783 2004 1003 2055; x_wconf 78' lang='lat' dir='ltr'><strong>anima,</strong></span> <span class='ocrx_word' id='word_1_135' title='bbox 1031 1982 1191 2062; x_wconf 91' lang='lat' dir='ltr'><strong>quod</strong></span> <span class='ocrx_word' id='word_1_136' title='bbox 1223 2005 1377 2063; x_wconf 85' lang='lat' dir='ltr'><strong>aqua</strong></span> <span class='ocrx_word' id='word_1_137' title='bbox 1405 1994 1649 2043; x_wconf 81' lang='lat' dir='ltr'><strong>externe</strong></span> <span class='ocrx_word' id='word_1_138' title='bbox 1676 1995 1957 2066; x_wconf 87' lang='lat' dir='ltr'><strong>operatur</strong></span> 
     </span>
     <span class='ocr_line' id='line_1_21' title="bbox 212 2064 1957 2147; baseline 0.001 -22"><span class='ocrx_word' id='word_1_139' title='bbox 212 2064 277 2125; x_wconf 85' lang='lat' dir='ltr'><strong>in</strong></span> <span class='ocrx_word' id='word_1_140' title='bbox 318 2065 688 2147; x_wconf 87' lang='lat' dir='ltr'><strong>corporibus.</strong></span> <span class='ocrx_word' id='word_1_141' title='bbox 773 2064 966 2124; x_wconf 89' lang='lat' dir='ltr'><strong>Sicuti</strong></span> <span class='ocrx_word' id='word_1_142' title='bbox 1010 2065 1172 2124; x_wconf 91' lang='lat' dir='ltr'><strong>enim</strong></span> <span class='ocrx_word' id='word_1_143' title='bbox 1213 2087 1368 2145; x_wconf 87' lang='lat' dir='ltr'><strong>aqua</strong></span> <span class='ocrx_word' id='word_1_144' title='bbox 1406 2065 1468 2125; x_wconf 92' lang='lat' dir='ltr'><strong>in</strong></span> <span class='ocrx_word' id='word_1_145' title='bbox 1511 2088 1620 2125; x_wconf 90' lang='lat' dir='ltr'><strong>nos</strong></span> <span class='ocrx_word' id='word_1_146' title='bbox 1664 2067 1867 2140; x_wconf 87' lang='lat' dir='ltr'><strong>effusa,</strong></span> <span class='ocrx_word' id='word_1_147' title='bbox 1895 2078 1957 2127; x_wconf 89' lang='lat' dir='ltr'><strong>et</strong></span> 
     </span>
     <span class='ocr_line' id='line_1_22' title="bbox 213 2147 1959 2241; baseline 0 -33"><span class='ocrx_word' id='word_1_148' title='bbox 213 2169 394 2230; x_wconf 89' lang='lat' dir='ltr'><strong>super</strong></span> <span class='ocrx_word' id='word_1_149' title='bbox 432 2169 649 2240; x_wconf 83' lang='lat' dir='ltr'><strong>eorpus</strong></span> <span class='ocrx_word' id='word_1_150' title='bbox 694 2147 982 2230; x_wconf 86' lang='lat' dir='ltr'><strong>baptizati</strong></span> <span class='ocrx_word' id='word_1_151' title='bbox 1032 2147 1325 2222; x_wconf 90' lang='lat' dir='ltr'><strong>eminens,</strong></span> <span class='ocrx_word' id='word_1_152' title='bbox 1368 2170 1437 2207; x_wconf 91' lang='lat' dir='ltr'><strong>ac</strong></span> <span class='ocrx_word' id='word_1_153' title='bbox 1485 2149 1827 2241; x_wconf 84' lang='lat' dir='ltr'><strong>conspicua,</strong></span> <span class='ocrx_word' id='word_1_154' title='bbox 1870 2150 1959 2229; x_wconf 89' lang='lat' dir='ltr'><strong>ip-</strong></span> 
     </span>
    </p>
   </div>
   <div class='ocr_carea' id='block_1_5' title="bbox 96 2228 1957 2312">
    <p class='ocr_par' dir='ltr' id='par_1_7' title="bbox 96 2228 1957 2312">
     <span class='ocr_line' id='line_1_23' title="bbox 96 2228 1957 2312; baseline 0.001 -21"><span class='ocrx_word' id='word_1_155' title='bbox 96 2248 109 2254; x_wconf 76' lang='grc'><em>’</em></span> <span class='ocrx_word' id='word_1_156' title='bbox 214 2250 472 2311; x_wconf 86' lang='lat' dir='ltr'><strong>sumque</strong></span> <span class='ocrx_word' id='word_1_157' title='bbox 509 2251 776 2311; x_wconf 78' lang='lat' dir='ltr'><strong>irrigans,</strong></span> <span class='ocrx_word' id='word_1_158' title='bbox 806 2228 1005 2289; x_wconf 88' lang='lat' dir='ltr'><strong>sordes</strong></span> <span class='ocrx_word' id='word_1_159' title='bbox 1043 2230 1307 2312; x_wconf 89' lang='lat' dir='ltr'><strong>corporis</strong></span> <span class='ocrx_word' id='word_1_160' title='bbox 1345 2230 1567 2290; x_wconf 87' lang='lat' dir='ltr'><strong>abluit.</strong></span> <span class='ocrx_word' id='word_1_161' title='bbox 1613 2253 1698 2291; x_wconf 80' lang='lat' dir='ltr'><strong>sic</strong></span> <span class='ocrx_word' id='word_1_162' title='bbox 1735 2242 1795 2291; x_wconf 89' lang='lat' dir='ltr'><strong>et</strong></span> <span class='ocrx_word' id='word_1_163' title='bbox 1824 2254 1957 2292; x_wconf 88' lang='lat' dir='ltr'><strong>san-</strong></span> 
     </span>
    </p>
   </div>
   <div class='ocr_carea' id='block_1_6' title="bbox 214 2311 2018 3715">
    <p class='ocr_par' dir='ltr' id='par_1_8' title="bbox 214 2311 2018 3715">
     <span class='ocr_line' id='line_1_24' title="bbox 300 2311 1958 2374; baseline 0 0"><span class='ocrx_word' id='word_1_164' title='bbox 300 2334 350 2374; x_wconf 78' lang='lat' dir='ltr'><strong>is</strong></span> <span class='ocrx_word' id='word_1_165' title='bbox 369 2312 596 2373; x_wconf 86' lang='lat' dir='ltr'><strong>Christi</strong></span> <span class='ocrx_word' id='word_1_166' title='bbox 626 2312 891 2372; x_wconf 89' lang='lat' dir='ltr'><strong>animam</strong></span> <span class='ocrx_word' id='word_1_167' title='bbox 923 2311 1171 2372; x_wconf 90' lang='lat' dir='ltr'><strong>abluens</strong></span> <span class='ocrx_word' id='word_1_168' title='bbox 1201 2335 1236 2372; x_wconf 90' lang='lat' dir='ltr'><strong>a</strong></span> <span class='ocrx_word' id='word_1_169' title='bbox 1343 2312 1525 2373; x_wconf 88' lang='lat' dir='ltr'><strong>ecatis</strong></span> <span class='ocrx_word' id='word_1_170' title='bbox 1555 2312 1722 2373; x_wconf 91' lang='lat' dir='ltr'><strong>illam</strong></span> <span class='ocrx_word' id='word_1_171' title='bbox 1745 2336 1958 2374; x_wconf 88' lang='lat' dir='ltr'><strong>emun-</strong></span> 
     </span>
     <span class='ocr_line' id='line_1_25' title="bbox 214 2313 1955 2476; baseline 0.001 -20"><span class='ocrx_word' id='word_1_172' title='bbox 214 2313 350 2456; x_wconf 52' lang='grc' dir='ltr'>ἕξις</span> <span class='ocrx_word' id='word_1_173' title='bbox 394 2417 621 2475; x_wconf 89' lang='lat' dir='ltr'><strong>nosque</strong></span> <span class='ocrx_word' id='word_1_174' title='bbox 655 2395 854 2455; x_wconf 84' lang='lat' dir='ltr'><strong>filios</strong></span> <span class='ocrx_word' id='word_1_175' title='bbox 840 2417 939 2455; x_wconf 73' lang='lat' dir='ltr'><strong>irae</strong></span> <span class='ocrx_word' id='word_1_176' title='bbox 970 2394 1029 2454; x_wconf 89' lang='lat' dir='ltr'><strong>in</strong></span> <span class='ocrx_word' id='word_1_177' title='bbox 1067 2395 1223 2455; x_wconf 87' lang='lat' dir='ltr'><strong>filios</strong></span> <span class='ocrx_word' id='word_1_178' title='bbox 1262 2334 1383 2456; x_wconf 61' lang='lat' dir='ltr'><strong>Beei</strong></span> <span class='ocrx_word' id='word_1_179' title='bbox 1414 2408 1739 2476; x_wconf 88' lang='lat' dir='ltr'><strong>regenerat.</strong></span> <span class='ocrx_word' id='word_1_180' title='bbox 1810 2396 1955 2457; x_wconf 90' lang='lat' dir='ltr'><strong>Non</strong></span> 
     </span>
     <span class='ocr_line' id='line_1_26' title="bbox 215 2477 1957 2572; baseline 0.001 -34"><span class='ocrx_word' id='word_1_181' title='bbox 215 2477 377 2571; x_wconf 83' lang='lat' dir='ltr'><strong>quod</strong></span> <span class='ocrx_word' id='word_1_182' title='bbox 423 2499 576 2571; x_wconf 84' lang='lat' dir='ltr'><strong>aqua</strong></span> <span class='ocrx_word' id='word_1_183' title='bbox 621 2477 750 2537; x_wconf 76' lang='lat' dir='ltr'><strong>liaec</strong></span> <span class='ocrx_word' id='word_1_184' title='bbox 794 2477 1115 2538; x_wconf 83' lang='lat' dir='ltr'><strong>materialis</strong></span> <span class='ocrx_word' id='word_1_185' title='bbox 1152 2478 1262 2537; x_wconf 85' lang='lat' dir='ltr'><strong>ista</strong></span> <span class='ocrx_word' id='word_1_186' title='bbox 1300 2477 1536 2552; x_wconf 87' lang='lat' dir='ltr'><strong>efficiat,</strong></span> <span class='ocrx_word' id='word_1_187' title='bbox 1563 2479 1664 2538; x_wconf 90' lang='lat' dir='ltr'><strong>sed</strong></span> <span class='ocrx_word' id='word_1_188' title='bbox 1694 2479 1957 2572; x_wconf 81' lang='lat' dir='ltr'><strong>aspersio</strong></span> 
     </span>
     <span class='ocr_line' id='line_1_27' title="bbox 215 2559 1957 2643; baseline 0.001 -23"><span class='ocrx_word' id='word_1_189' title='bbox 215 2559 346 2643; x_wconf 85' lang='lat' dir='ltr'><strong>ipsa</strong></span> <span class='ocrx_word' id='word_1_190' title='bbox 382 2559 792 2642; x_wconf 87' lang='lat' dir='ltr'><strong>pretiosissimi</strong></span> <span class='ocrx_word' id='word_1_191' title='bbox 826 2559 1133 2642; x_wconf 89' lang='lat' dir='ltr'><strong>sanguinis</strong></span> <span class='ocrx_word' id='word_1_192' title='bbox 1162 2560 1302 2621; x_wconf 86' lang='lat' dir='ltr'><strong>Filii</strong></span> <span class='ocrx_word' id='word_1_193' title='bbox 1332 2560 1471 2632; x_wconf 91' lang='lat' dir='ltr'><strong>Dei,</strong></span> <span class='ocrx_word' id='word_1_194' title='bbox 1501 2561 1606 2640; x_wconf 93' lang='lat' dir='ltr'><strong>qui</strong></span> <span class='ocrx_word' id='word_1_195' title='bbox 1650 2562 1823 2621; x_wconf 91' lang='lat' dir='ltr'><strong>nobis</strong></span> <span class='ocrx_word' id='word_1_196' title='bbox 1866 2574 1957 2622; x_wconf 88' lang='lat' dir='ltr'><strong>est</strong></span> 
     </span>
     <span class='ocr_line' id='line_1_28' title="bbox 214 2642 1956 2725; baseline 0.001 -21"><span class='ocrx_word' id='word_1_197' title='bbox 214 2665 326 2704; x_wconf 86' lang='lat' dir='ltr'><strong>ceu</strong></span> <span class='ocrx_word' id='word_1_198' title='bbox 355 2665 519 2704; x_wconf 84' lang='lat' dir='ltr'><strong>mare</strong></span> <span class='ocrx_word' id='word_1_199' title='bbox 547 2642 693 2703; x_wconf 89' lang='lat' dir='ltr'><strong>illud</strong></span> <span class='ocrx_word' id='word_1_200' title='bbox 726 2643 1026 2717; x_wconf 88' lang='lat' dir='ltr'><strong>Rubrum,</strong></span> <span class='ocrx_word' id='word_1_201' title='bbox 1056 2665 1231 2725; x_wconf 89' lang='lat' dir='ltr'><strong>perq</strong></span> <span class='ocrx_word' id='word_1_202' title='bbox 1190 2642 1351 2724; x_wconf 91' lang='lat' dir='ltr'><strong>quod</strong></span> <span class='ocrx_word' id='word_1_203' title='bbox 1382 2644 1808 2705; x_wconf 84' lang='lat' dir='ltr'><strong>transeundum</strong></span> <span class='ocrx_word' id='word_1_204' title='bbox 1847 2656 1956 2720; x_wconf 88' lang='lat' dir='ltr'><strong>est,</strong></span> 
     </span>
     <span class='ocr_line' id='line_1_29' title="bbox 217 2725 1958 2818; baseline 0.001 -32"><span class='ocrx_word' id='word_1_205' title='bbox 217 2736 288 2787; x_wconf 90' lang='lat' dir='ltr'><strong>ut</strong></span> <span class='ocrx_word' id='word_1_206' title='bbox 327 2748 362 2785; x_wconf 92' lang='lat' dir='ltr'><strong>e</strong></span> <span class='ocrx_word' id='word_1_207' title='bbox 404 2725 721 2818; x_wconf 85' lang='lat' dir='ltr'><strong>tyrannide</strong></span> <span class='ocrx_word' id='word_1_208' title='bbox 750 2726 1094 2796; x_wconf 76' lang='lat' dir='ltr'><strong>PharaoniS,</strong></span> <span class='ocrx_word' id='word_1_209' title='bbox 1136 2726 1192 2786; x_wconf 91' lang='lat' dir='ltr'><strong>id</strong></span> <span class='ocrx_word' id='word_1_210' title='bbox 1224 2739 1316 2786; x_wconf 91' lang='lat' dir='ltr'><strong>est</strong></span> <span class='ocrx_word' id='word_1_211' title='bbox 1342 2725 1608 2800; x_wconf 86' lang='lat' dir='ltr'><strong>Diaboli,</strong></span> <span class='ocrx_word' id='word_1_212' title='bbox 1646 2727 1868 2808; x_wconf 89' lang='lat' dir='ltr'><strong>egredi,</strong></span> <span class='ocrx_word' id='word_1_213' title='bbox 1896 2738 1958 2788; x_wconf 91' lang='lat' dir='ltr'><strong>et</strong></span> 
     </span>
     <span class='ocr_line' id='line_1_30' title="bbox 218 2806 1955 2891; baseline 0.002 -24"><span class='ocrx_word' id='word_1_214' title='bbox 218 2806 280 2868; x_wconf 91' lang='lat' dir='ltr'><strong>in</strong></span> <span class='ocrx_word' id='word_1_215' title='bbox 330 2807 701 2889; x_wconf 87' lang='lat' dir='ltr'><strong>spiritualem</strong></span> <span class='ocrx_word' id='word_1_216' title='bbox 754 2821 969 2869; x_wconf 90' lang='lat' dir='ltr'><strong>terram</strong></span> <span class='ocrx_word' id='word_1_217' title='bbox 1003 2808 1293 2870; x_wconf 87' lang='lat' dir='ltr'><strong>Chanaan</strong></span> <span class='ocrx_word' id='word_1_218' title='bbox 1344 2809 1588 2869; x_wconf 91' lang='lat' dir='ltr'><strong>introire</strong></span> <span class='ocrx_word' id='word_1_219' title='bbox 1637 2810 1955 2891; x_wconf 88' lang='lat' dir='ltr'><strong>possimus.</strong></span> 
     </span>
     <span class='ocr_line' id='line_1_31' title="bbox 218 2888 1958 2973; baseline 0.001 -22"><span class='ocrx_word' id='word_1_220' title='bbox 218 2888 455 2970; x_wconf 86' lang='lat' dir='ltr'><strong>Itaque,</strong></span> <span class='ocrx_word' id='word_1_221' title='bbox 497 2890 750 2951; x_wconf 87' lang='lat' dir='ltr'><strong>ministri</strong></span> <span class='ocrx_word' id='word_1_222' title='bbox 793 2890 1036 2970; x_wconf 90' lang='lat' dir='ltr'><strong>quidem</strong></span> <span class='ocrx_word' id='word_1_223' title='bbox 1082 2894 1354 2973; x_wconf 84' lang='lat' dir='ltr'><strong>praebent</strong></span> <span class='ocrx_word' id='word_1_224' title='bbox 1398 2891 1571 2951; x_wconf 88' lang='lat' dir='ltr'><strong>nobis</strong></span> <span class='ocrx_word' id='word_1_225' title='bbox 1622 2914 1958 2952; x_wconf 85' lang='lat' dir='ltr'><strong>sacramen-</strong></span> 
     </span>
     <span class='ocr_line' id='line_1_32' title="bbox 219 2972 1957 3055; baseline 0.001 -21"><span class='ocrx_word' id='word_1_226' title='bbox 219 2984 373 3043; x_wconf 90' lang='lat' dir='ltr'><strong>tum,</strong></span> <span class='ocrx_word' id='word_1_227' title='bbox 414 2984 475 3032; x_wconf 92' lang='lat' dir='ltr'><strong>et</strong></span> <span class='ocrx_word' id='word_1_228' title='bbox 529 2994 654 3032; x_wconf 83' lang='lat' dir='ltr'><strong>rem</strong></span> <span class='ocrx_word' id='word_1_229' title='bbox 701 2972 1016 3048; x_wconf 88' lang='lat' dir='ltr'><strong>visibilem,</strong></span> <span class='ocrx_word' id='word_1_230' title='bbox 1065 2986 1126 3034; x_wconf 91' lang='lat' dir='ltr'><strong>at</strong></span> <span class='ocrx_word' id='word_1_231' title='bbox 1168 2974 1474 3035; x_wconf 90' lang='lat' dir='ltr'><strong>Dominus</strong></span> <span class='ocrx_word' id='word_1_232' title='bbox 1534 2974 1660 3055; x_wconf 87' lang='lat' dir='ltr'><strong>ipse</strong></span> <span class='ocrx_word' id='word_1_233' title='bbox 1709 2974 1957 3036; x_wconf 85' lang='lat' dir='ltr'><strong>exhibet</strong></span> 
     </span>
     <span class='ocr_line' id='line_1_33' title="bbox 219 3018 1958 3149; baseline 0.001 -33"><span class='ocrx_word' id='word_1_234' title='bbox 219 3018 383 3149; x_wconf 81' lang='lat' dir='ltr'><strong>quod</strong></span> <span class='ocrx_word' id='word_1_235' title='bbox 413 3021 1200 3136; x_wconf 62' lang='lat' dir='ltr'><strong>sacramentosignifi&#39;catur,</strong></span> <span class='ocrx_word' id='word_1_236' title='bbox 1229 3057 1512 3117; x_wconf 90' lang='lat' dir='ltr'><strong>nimirum</strong></span> <span class='ocrx_word' id='word_1_237' title='bbox 1545 3057 1702 3116; x_wconf 87' lang='lat' dir='ltr'><strong>dona</strong></span> <span class='ocrx_word' id='word_1_238' title='bbox 1735 3069 1795 3116; x_wconf 93' lang='lat' dir='ltr'><strong>et</strong></span> <span class='ocrx_word' id='word_1_239' title='bbox 1824 3079 1958 3139; x_wconf 87' lang='lat' dir='ltr'><strong>gra-</strong></span> 
     </span>
     <span class='ocr_line' id='line_1_34' title="bbox 219 3137 2018 3220; baseline 0 -21"><span class='ocrx_word' id='word_1_240' title='bbox 219 3137 333 3199; x_wconf 88' lang='lat' dir='ltr'><strong>tias</strong></span> <span class='ocrx_word' id='word_1_241' title='bbox 364 3137 705 3211; x_wconf 85' lang='lat' dir='ltr'><strong>invisibiles,</strong></span> <span class='ocrx_word' id='word_1_242' title='bbox 735 3138 1000 3213; x_wconf 89' lang='lat' dir='ltr'><strong>abluens,</strong></span> <span class='ocrx_word' id='word_1_243' title='bbox 1029 3139 1370 3220; x_wconf 85' lang='lat' dir='ltr'><strong>purificans,</strong></span> <span class='ocrx_word' id='word_1_244' title='bbox 1399 3150 1460 3198; x_wconf 89' lang='lat' dir='ltr'><strong>et</strong></span> <span class='ocrx_word' id='word_1_245' title='bbox 1500 3138 1796 3199; x_wconf 84' lang='lat' dir='ltr'><strong>mundans</strong></span> <span class='ocrx_word' id='word_1_246' title='bbox 1826 3140 1955 3200; x_wconf 88' lang='lat' dir='ltr'><strong>ani·</strong></span> <span class='ocrx_word' id='word_1_247' title='bbox 2016 3153 2018 3156; x_wconf 82' lang='lat'>&#39;</span> 
     </span>
     <span class='ocr_line' id='line_1_35' title="bbox 222 3221 1956 3301; baseline 0.002 -20"><span class='ocrx_word' id='word_1_248' title='bbox 222 3242 351 3281; x_wconf 85' lang='lat' dir='ltr'><strong>mas</strong></span> <span class='ocrx_word' id='word_1_249' title='bbox 382 3232 607 3280; x_wconf 83' lang='lat' dir='ltr'><strong>nostras</strong></span> <span class='ocrx_word' id='word_1_250' title='bbox 637 3242 671 3280; x_wconf 91' lang='lat' dir='ltr'><strong>a</strong></span> <span class='ocrx_word' id='word_1_251' title='bbox 700 3221 931 3281; x_wconf 90' lang='lat' dir='ltr'><strong>cunctis</strong></span> <span class='ocrx_word' id='word_1_252' title='bbox 962 3221 1251 3294; x_wconf 88' lang='lat' dir='ltr'><strong>sordibus,</strong></span> <span class='ocrx_word' id='word_1_253' title='bbox 1272 3233 1332 3282; x_wconf 91' lang='lat' dir='ltr'><strong>et</strong></span> <span class='ocrx_word' id='word_1_254' title='bbox 1362 3221 1777 3301; x_wconf 88' lang='lat' dir='ltr'><strong>iniquitatibus</strong></span> <span class='ocrx_word' id='word_1_255' title='bbox 1807 3222 1956 3283; x_wconf 88' lang='lat' dir='ltr'><strong>suis·</strong></span> 
     </span>
     <span class='ocr_line' id='line_1_36' title="bbox 220 3303 1959 3384; baseline 0.001 -21"><span class='ocrx_word' id='word_1_256' title='bbox 220 3324 511 3363; x_wconf 87' lang='lat' dir='ltr'><strong>renovans</strong></span> <span class='ocrx_word' id='word_1_257' title='bbox 540 3303 708 3374; x_wconf 87' lang='lat' dir='ltr'><strong>item,</strong></span> <span class='ocrx_word' id='word_1_258' title='bbox 737 3315 796 3362; x_wconf 85' lang='lat' dir='ltr'><strong>et</strong></span> <span class='ocrx_word' id='word_1_259' title='bbox 833 3304 1065 3384; x_wconf 85' lang='lat' dir='ltr'><strong>replens</strong></span> <span class='ocrx_word' id='word_1_260' title='bbox 1106 3303 1285 3364; x_wconf 89' lang='lat' dir='ltr'><strong>corda</strong></span> <span class='ocrx_word' id='word_1_261' title='bbox 1324 3316 1525 3364; x_wconf 86' lang='lat' dir='ltr'><strong>nostra</strong></span> <span class='ocrx_word' id='word_1_262' title='bbox 1552 3303 1718 3364; x_wconf 87' lang='lat' dir='ltr'><strong>omni</strong></span> <span class='ocrx_word' id='word_1_263' title='bbox 1750 3326 1959 3365; x_wconf 88' lang='lat' dir='ltr'><strong>conso-</strong></span> 
     </span>
     <span class='ocr_line' id='line_1_37' title="bbox 221 3384 1958 3468; baseline 0.001 -21"><span class='ocrx_word' id='word_1_264' title='bbox 221 3385 478 3447; x_wconf 87' lang='lat' dir='ltr'><strong>latione:</strong></span> <span class='ocrx_word' id='word_1_265' title='bbox 524 3386 776 3467; x_wconf 88' lang='lat' dir='ltr'><strong>largiens</strong></span> <span class='ocrx_word' id='word_1_266' title='bbox 805 3384 1064 3465; x_wconf 88' lang='lat' dir='ltr'><strong>denique</strong></span> <span class='ocrx_word' id='word_1_267' title='bbox 1102 3386 1275 3446; x_wconf 90' lang='lat' dir='ltr'><strong>nobis</strong></span> <span class='ocrx_word' id='word_1_268' title='bbox 1303 3407 1501 3446; x_wconf 86' lang='lat' dir='ltr'><strong>veram</strong></span> <span class='ocrx_word' id='word_1_269' title='bbox 1534 3397 1794 3468; x_wconf 81' lang='lat' dir='ltr'><strong>paternoe</strong></span> <span class='ocrx_word' id='word_1_270' title='bbox 1833 3409 1958 3448; x_wconf 86' lang='lat' dir='ltr'><strong>suae</strong></span> 
     </span>
     <span class='ocr_line' id='line_1_38' title="bbox 221 3467 1958 3562; baseline 0.001 -32"><span class='ocrx_word' id='word_1_271' title='bbox 221 3468 504 3530; x_wconf 84' lang='lat' dir='ltr'><strong>bonitatis</strong></span> <span class='ocrx_word' id='word_1_272' title='bbox 533 3467 974 3540; x_wconf 89' lang='lat' dir='ltr'><strong>certitudinem,</strong></span> <span class='ocrx_word' id='word_1_273' title='bbox 996 3479 1057 3527; x_wconf 90' lang='lat' dir='ltr'><strong>et</strong></span> <span class='ocrx_word' id='word_1_274' title='bbox 1081 3490 1240 3528; x_wconf 84' lang='grc' dir='ltr'>ιιονο</span> <span class='ocrx_word' id='word_1_275' title='bbox 1269 3468 1512 3528; x_wconf 85' lang='lat' dir='ltr'><strong>bomine</strong></span> <span class='ocrx_word' id='word_1_276' title='bbox 1541 3491 1659 3562; x_wconf 46' lang='lat' dir='ltr'><strong>nos·</strong></span> <span class='ocrx_word' id='word_1_277' title='bbox 1678 3468 1958 3531; x_wconf 91' lang='lat' dir='ltr'><strong>induens·</strong></span> 
     </span>
     <span class='ocr_line' id='line_1_39' title="bbox 222 3550 1959 3632; baseline 0.001 -19"><span class='ocrx_word' id='word_1_278' title='bbox 222 3561 404 3632; x_wconf 81' lang='lat' dir='ltr'><strong>atque</strong></span> <span class='ocrx_word' id='word_1_279' title='bbox 434 3562 628 3611; x_wconf 90' lang='lat' dir='ltr'><strong>vetere</strong></span> <span class='ocrx_word' id='word_1_280' title='bbox 656 3572 901 3623; x_wconf 87' lang='lat' dir='ltr'><strong>exuens,</strong></span> <span class='ocrx_word' id='word_1_281' title='bbox 929 3572 1067 3611; x_wconf 91' lang='lat' dir='ltr'><strong>cum</strong></span> <span class='ocrx_word' id='word_1_282' title='bbox 1101 3551 1380 3611; x_wconf 80' lang='lat' dir='ltr'><strong>omnibus</strong></span> <span class='ocrx_word' id='word_1_283' title='bbox 1410 3550 1580 3612; x_wconf 88' lang='lat' dir='ltr'><strong>factis</strong></span> <span class='ocrx_word' id='word_1_284' title='bbox 1607 3550 1753 3632; x_wconf 88' lang='lat' dir='ltr'><strong>ejus.</strong></span> <span class='ocrx_word' id='word_1_285' title='bbox 1841 3552 1959 3615; x_wconf 90' lang='lat' dir='ltr'><strong>His</strong></span> 
     </span>
     <span class='ocr_line' id='line_1_40' title="bbox 222 3631 2004 3715; baseline -0.001 -20"><span class='ocrx_word' id='word_1_286' title='bbox 222 3631 300 3695; x_wconf 83' lang='lat' dir='ltr'><strong>de</strong></span> <span class='ocrx_word' id='word_1_287' title='bbox 347 3634 539 3695; x_wconf 87' lang='lat' dir='ltr'><strong>causis</strong></span> <span class='ocrx_word' id='word_1_288' title='bbox 588 3633 885 3695; x_wconf 83' lang='lat' dir='ltr'><strong>eredimus</strong></span> <span class='ocrx_word' id='word_1_289' title='bbox 941 3655 1184 3694; x_wconf 89' lang='lat' dir='ltr'><strong>omnem</strong></span> <span class='ocrx_word' id='word_1_290' title='bbox 1239 3633 1572 3710; x_wconf 88' lang='lat' dir='ltr'><strong>hominem,</strong></span> <span class='ocrx_word' id='word_1_291' title='bbox 1620 3635 1724 3715; x_wconf 92' lang='lat' dir='ltr'><strong>qui</strong></span> <span class='ocrx_word' id='word_1_292' title='bbox 1770 3634 1957 3698; x_wconf 82' lang='lat' dir='ltr'><strong>vitam</strong></span> <span class='ocrx_word' id='word_1_293' title='bbox 1996 3690 2004 3694; x_wconf 77' lang='grc'>,</span> 
     </span>
    </p>
   </div>
   <div class='ocr_carea' id='block_1_7' title="bbox 1631 3772 1665 3786">
    <p class='ocr_par' dir='ltr' id='par_1_9' title="bbox 1631 3772 1665 3786">
     <span class='ocr_line' id='line_1_41' title="bbox 1631 3772 1665 3786; baseline 0 0"><span class='ocrx_word' id='word_1_294' title='bbox 1631 3772 1665 3786; x_wconf 60' lang='lat' dir='ltr'><em>l</em></span> 
     </span>
    </p>
   </div>
  </div>
 </body>
</html>
